3309 5859
422 855 464 918 10
878 870 1016 921 urrann

247 1108 278 1163 L
293 1112 339 1165 1³⁷
350 1110 373 1165 ὅ·
419 1116 669 1187 11.-L1rrene
683 1134 751 1187 reo
765 1118 894 1189 Amore
909 1134 1152 1186 ceuveemors
1165 1119 1474 1188 resarsurum

862 1222 1049 1289 Praeteri.

243 1390 371 1449 romula
458 1390 612 1459 Decanus
650 1393 719 1479 (vel
753 1392 930 1481 Supprior)
946 1398 982 1457 et
1002 1390 1207 1479 Capitulum,
1230 1394 1383 1474 salutem,
1406 1401 1470 1464 etc.

242 1485 380 1604 ffi‘lffl
411 1492 580 1561 Profunda
601 1497 700 1562 nimis
730 1496 874 1584 suspirie
905 1495 1069 1562 trahimus
1100 1495 1260 1575 luctuosa,
1282 1502 1318 1564 et
1340 1498 1469 1565 flebiles

243 1620 342 1671 funere
353 1620 384 1671 of
410 1598 553 1684 gemitus
568 1622 628 1665 nes
650 1606 831 1687 perurgent
845 1599 987 1666 elamore
1001 1598 1135 1686 lugubri
1158 1598 1314 1687 plangere
1328 1600 1468 1668 Domini

243 1702 294 1751 ⁸²¹5
303 1688 386 1756 digni-
411 1700 463 1779 N,
485 1702 592 1769 nestri
615 1704 719 1791 patris
756 1708 792 1769 et
814 1702 957 1791 pastoris
981 1701 1049 1787 (vel
1079 1702 1225 1769 Abbatis
1247 1704 1303 1769 vel
1324 1704 1467 1790 Prioris)

239 1758 305 1821 Μ’
410 1824 569 1884 oceasum,
607 1827 705 1893 super
736 1827 835 1891 quem
874 1804 983 1893 pridie
1014 1804 1137 1871 cecidit
1158 1828 1228 1872 sore
1249 1806 1406 1889 humana,
1429 1815 1467 1876 et

409 1928 496 1972 mors
525 1908 641 1975 invida
663 1907 763 1974 dente
795 1906 956 1994 nepharie
977 1906 1161 1985 mutilavit,
1184 1914 1219 1973 et
1256 1909 1385 1976 solvere
1407 1912 1467 1977 de-

408 2008 516 2075 bitum
539 2010 727 2077 cohartavit
749 2010 914 2076 universae
945 2010 1054 2076 cernis
1076 2010 1251 2087 tributum,
1273 2012 1369 2098 cujus
1391 2014 1465 2079 ani·

408 2134 470 2178 mae
486 2114 531 2179 sit
556 2114 721 2201 propitius
748 2112 897 2178 emnium
908 2111 1072 2179 Conditor
1094 2118 1130 2178 et
1145 2112 1292 2179 Creator.
1338 2114 1465 2181 Verum

407 2216 487 2302 quia
510 2216 577 2301 (die
600 2216 676 2301 teli)
703 2217 739 2281 in
762 2215 900 2281 ecclesie
922 2220 1038 2281 nostra
1051 2214 1224 2304 praedicta
1245 2236 1366 2303 corpus
1389 2219 1463 2305 ejus

407 2318 635 2385 ecclesiastices
661 2318 886 2405 disposuimus
907 2317 1041 2383 tradere
1055 2317 1246 2404 sepulturae,
1261 2321 1465 2405 paternitati

377 2426 528 2487 ·vestrae
559 2420 691 2486 devotis
726 2420 848 2486 animis
873 2420 1109 2506 supplicemus,
1136 2420 1297 2506 quatinus
1328 2422 1464 2511 placeat

405 2523 501 2588 vobis
523 2525 640 2589 eedem
664 2524 718 2588 die
741 2522 951 2590 funeralibus
978 2522 1085 2609 ipsius
1107 2522 1275 2609 obsequiis
1291 2524 1463 2605 interesse,

405 2629 439 2689 ct
470 2645 546 2690 cum
575 2624 649 2690 aliis
670 2625 786 2691 amicis
812 2623 936 2691 nostris
960 2623 997 2688 in
1027 2644 1141 2690 mense
1169 2626 1362 2700 recumbere
1385 2636 1461 2717 poet

405 2726 561 2803 laborem,
596 2732 758 2813 nocteque
794 2726 950 2813 sequenti
986 2726 1158 2793 nobiseum
1193 2728 1274 2794 dare
1307 2734 1461 2800 membra

403 2834 517 2919 quieti,
533 2838 652 2899 vestrae
660 2834 883 2920 jocunditatis
897 2834 1067 2920 presentia
1092 2838 1217 2900 nostrae
1243 2836 1460 2906 desolationis

402 2937 515 3002 tristia
551 2936 760 3003 consolaturi.
816 2936 1070 3022 Beneplacitum
1100 2942 1251 3003 vestrum
1273 2940 1312 3005 in
1334 2940 1401 3008 hiis
1424 2948 1461 3009 et

401 3143 479 3211 Dat.
496 3150 555 3211 ete.

230 3414 255 3463 s.
267 3416 348 3465 ene
624 3398 875 3466 12-me
893 3396 1183 3464 Faermurrms.

230 3566 358 3617 semum
444 3566 605 3634 Omnibus
638 3564 762 3631 Christi
786 3561 941 3629 fidelibus
977 3562 1021 3627 ed
1059 3582 1142 3649 quos
1176 3566 1359 3647 praesentes
1390 3562 1449 3629 lit·

230 3656 369 3778 {ffit‘g-
397 3675 478 3736 teres
501 3676 623 3735 nostrae
653 3666 875 3754 pervenerint,
914 3663 1058 3731 Thomas
1079 3663 1297 3751 permissione
1328 3665 1447 3731 divine

229 3794 329 3857 nityby
397 3774 492 3839 Prior
514 3770 666 3838 Ecclesiae
699 3768 826 3836 Christi
850 3767 1102 3847 centuariensis
1133 3770 1168 3832 et
1201 3766 1351 3853 ejusdem
1383 3769 1448 3835 loci

228 3860 373 3980 fflssm
398 3874 601 3963 Capitulum,
618 3872 759 3939 salutem
782 3870 819 3935 in
843 3870 893 3936 Eo
916 3870 975 3956 qui
998 3874 1050 3934 est
1072 3868 1222 3934 omniurn
1245 3889 1328 3935 vere
1349 3869 1448 3935 selus

228 4003 358 4057 orpetron
397 3978 558 4062 Quamvis
597 3998 639 4040 ex
673 3973 823 4040 caritatis
856 3973 969 4038 debito
1001 3971 1155 4037 omnibus
1177 3977 1360 4049 teneamur,
1382 3971 1449 4036 illis

225 4063 370 4196 ffofflteq
395 4090 507 4151 tamen
548 4077 656 4145 multo
683 4076 789 4163 magis
827 4074 1017 4161 obligemur
1062 4094 1203 4159 quorum
1226 4073 1447 4153 dilectionem,

226 4214 279 4247 ves
290 4200 336 4247 es-
392 4186 492 4253 certis
537 4178 770 4248 beneficiorum
815 4177 956 4254 indiciis,
1002 4175 1210 4261 frequentius
1248 4176 1446 4262 experimur.

225 4264 354 4381 fffflssf
392 4288 462 4354 Nes
500 4286 613 4373 igitur,
643 4281 857 4347 attendentes
892 4280 1031 4344 sincerse
1069 4276 1258 4345 dilectionis
1290 4278 1443 4346 effectum

223 4412 282 4462 mr
292 4412 372 4447 mem·
391 4414 489 4479 quem
528 4389 669 4455 dilectus
700 4384 798 4449 nobis
828 4384 865 4448 in
900 4382 1037 4448 Christo
1059 4380 1095 4446 Τ.
1110 4380 1162 4459 R,
1185 4402 1265 4468 erga
1296 4390 1443 4449 nostram

223 4464 357 4595 mg?
392 4494 666 4563 cantuariensem
689 4486 879 4565 Ecclesiam,
902 4491 952 4551 et·
969 4484 1150 4572 gloriosum
1172 4484 1335 4551 Thomem
1356 4486 1444 4553 Mar·

222 4598 337 4675 therbe-
391 4598 499 4673 tirem,
521 4598 711 4676 ceterosque
735 4588 883 4673 ejusdem
910 4586 1065 4652 Ecclesiae
1086 4592 1253 4673 patronos,
1267 4587 1323 4673 pie
1346 4590 1443 4675 gerit,

222 4676 378 4781 {iifflo‘n‘
389 4698 625 4785 cupientesque
647 4694 712 4759 sibi
744 4712 804 4778 pro
826 4696 924 4757 tanta
953 4689 1132 4756 dilectione
1153 4689 1260 4756 vicem
1297 4690 1442 4771 reddere,

222 4794 336 4849 semein
388 4824 436 4881 ac,
459 4796 644 4888 quemodo
666 4816 850 4883 possumus,
872 4797 913 4860 ut
935 4798 1095 4872 tenemur,
1111 4791 1331 4881 spiritualiter
1345 4795 1440 4862 setis·

401 3042 475 3107 eliis
497 3042 593 3107 nobis
626 3062 686 3128 per
710 3040 860 3128 bajulum
883 3043 1099 3128 presentium
1121 3044 1311 3131 significare
1333 3048 1459 3115 velitis.
1652 3019 1653 3024 ἵ
