3309 5859
468 855 533 920 328
924 870 1061 921 sirena
1083 887 1088 898 -

471 1059 620 1137 sinsticis,
653 1061 816 1145 exemptis
851 1067 887 1126 et
920 1082 988 1126 non
1020 1064 1206 1150 exemptis,
1245 1061 1441 1127 earundem
1471 1061 1531 1124 riri-

470 1167 577 1226 tatum
601 1168 635 1228 ot
658 1163 858 1241 dioecesium,
882 1186 942 1250 per
970 1185 1029 1230 vos
1052 1171 1088 1229 ct
1117 1164 1400 1231 subcolleetores
1428 1176 1532 1228 vestre

469 1287 490 1330 a
513 1265 607 1330 vobis
630 1267 1006 1354 constituendos-super
1027 1267 1103 1346 hiis,
1127 1270 1279 1356 exigere
1313 1289 1358 1332 ac
1381 1266 1532 1352 colligere,

471 1391 592 1454 vosque
630 1369 721 1436 illam
760 1369 801 1435 dc
840 1370 961 1436 vestris
1002 1371 1191 1437 redditibus
1238 1378 1281 1437 et
1324 1368 1528 1458 proventibu

470 1471 696 1538 ecelesiasticis
719 1472 847 1537 solvere
870 1474 906 1538 in
929 1473 1051 1537 eisdem
1074 1475 1251 1550 terminis,
1278 1472 1433 1558 singulis
1453 1473 1530 1536 anns

469 1572 615 1656 ejusdem
639 1573 858 1658 quadriennii,
880 1573 1089 1660 integraliter
1111 1583 1147 1640 et
1170 1575 1341 1640 fideliter
1364 1575 1531 1639 studens:

469 1697 506 1740 nc
540 1675 677 1740 eandem
711 1676 881 1754 decimam,
904 1685 1080 1763 postquem
1112 1678 1263 1744 collecta
1302 1683 1343 1743 et
1376 1677 1528 1742 solutain

469 1777 608 1862 singulis
647 1777 769 1844 eisdem
808 1779 960 1844 terminis
991 1779 1101 1856 fuerit,
1134 1779 1185 1844 illi
1227 1780 1294 1844 vel
1337 1779 1409 1843 illis
1446 1800 1527 1862 quem

469 1879 523 1943 vel
557 1901 639 1964 <lues
671 1879 714 1944 ad
749 1901 822 1946 eam
855 1881 1078 1966 recipiendam
1100 1903 1122 1946 a
1146 1882 1249 1946 vobis
1286 1880 1526 1968 deputabimus,

467 1986 507 2045 ut·
551 1981 702 2066 superius
741 1982 951 2068 exprimitur,
982 1983 1178 2068 assignetis5
1221 1989 1263 2049 et
1301 1982 1526 2048 nichilominus

466 2083 723 2149 contradictores
757 2085 923 2169 quoslibet
955 2089 990 2150 et
1021 2085 1168 2162 rebelles,
1191 2092 1385 2173 exemptos
1415 2091 1449 2149 et
1468 2106 1522 2148 non

467 2191 647 2271 exemptos,
670 2186 713 2250 ad
749 2188 948 2252 solutionem
981 2187 1127 2273 ejusdem
1152 2189 1309 2266 deeimae,
1337 2211 1399 2275 per
1425 2209 1480 2250 vos
1497 2196 1522 2248 et

469 2288 719 2354 subcollectores
741 2296 880 2367 vestros,
902 2289 1026 2376 singuli
1053 2299 1202 2356 vestrum
1226 2293 1268 2356 in
1295 2290 1443 2376 singulis
1464 2312 1520 2351 ve·

470 2391 530 2455 tris
553 2390 751 2457 civitatibus
774 2396 809 2458 ot
832 2392 1038 2468 dimcesibus,
1061 2393 1270 2479 compellere,
1296 2413 1433 2459 necnon
1459 2412 1520 2453 con-

472 2499 525 2558 tra
547 2498 764 2570 contumaces,
789 2499 827 2559 ut
850 2494 1001 2579 superius
1031 2495 1243 2580 exprimitur,
1265 2496 1316 2560 ad
1341 2494 1516 2560 citationem

296 2608 375 2658 lfthe
388 2607 449 2658 00!-
470 2595 643 2682 procedere
681 2595 828 2660 velentis
893 2596 1047 2661 Volentcs
1085 2596 1174 2682 quod
1220 2620 1286 2664 vos
1337 2603 1375 2662 et
1411 2594 1516 2680 singuli
1593 2646 1598 2667 ,

300 2677 391 2724 'W
471 2705 627 2776 vestrum,
661 2699 688 2762 si
720 2698 927 2764 defeceritis¹
951 2700 987 2763 in
1021 2699 1167 2784 ejusdcm
1201 2701 1376 2766 solutione
1398 2699 1514 2764 deeius

300 2740 445 2790 misbohnre

297 2807 457 2938 {ififfiviss’
470 2805 506 2868 in
551 2801 733 2890 praelibatis
771 2803 924 2868 terminis
969 2803 1128 2880 socienda,
1166 2804 1295 2870 similes
1337 2802 1513 2872 sententies,

298 2942 330 2990 be
338 2943 438 3004 subject
471 2928 553 2992 quas
590 2929 650 2992 per
687 2927 747 2970 ves
785 2911 820 2970 et
857 2905 1108 2973 subcollectores
1140 2908 1274 2972 eosdem
1307 2914 1426 2975 contra
1458 2925 1510 2968 non

297 3017 324 3056 ¹⁰
335 3007 378 3056 2¹¹⁰
390 3022 458 3056 same
470 3011 635 3075 solventes
658 3010 694 3074 in
717 3009 841 3075 eisdem
864 3010 1015 3075 terminis
1037 3011 1197 3076 decimam
1222 3013 1430 3078 antedictam
1449 3029 1509 3094 pro

297 3083 452 3190 iissiffiff
470 3112 548 3178 ferri
564 3110 748 3197 contigerit,
764 3111 949 3187 incurratis,
965 3117 999 3176 et
1021 3112 1065 3177 ab
1087 3113 1146 3192 eis,
1161 3120 1238 3199 post
1251 3113 1507 3183 satisfactionem,

297 3210 331 3258 ¹¹0
344 3215 387 3256 ¹¹⁰²
399 3223 458 3272 1³⁰5·
470 3215 614 3303 possitis,
637 3216 724 3280 sicut
754 3215 906 3301 superius
927 3222 980 3279 est
1009 3237 1211 3302 expressum,
1234 3219 1375 3283 absolvi.
1420 3213 1507 3299 Super

298 3298 453 3414 ffffom
472 3318 593 3403 quibus
626 3317 787 3394 omnibus,
822 3339 951 3383 necnon
988 3317 1142 3395 faciendi,
1173 3341 1195 3384 a
1231 3316 1503 3387 subcollectofibus

298 3431 399 3494 sionny
473 3442 531 3506 per
564 3440 624 3484 vos
647 3425 681 3484 et
704 3425 853 3484 vestrum
888 3419 1037 3505 singulos
1070 3421 1106 3484 in
1128 3421 1268 3507 singulis
1299 3423 1418 3488 vestris
1437 3417 1502 3483 ciri·

298 3496 429 3626 fflsspq
474 3522 600 3588 tatibus
624 3527 658 3588 et
681 3521 877 3586 dioecesibus
900 3528 940 3587 ut
962 3524 1182 3608 praemittitur
1204 3525 1411 3611 deputandis,
1426 3518 1501 3585 robis

299 3629 323 3678 is
334 3629 410 3691 given
422 3637 450 3678 ro
473 3624 647 3711 pecuniam
682 3623 817 3689 deeimae
851 3625 1020 3710 praedictae
1043 3625 1079 3689 in
1102 3626 1242 3713 singulis
1264 3626 1429 3712 praedictis
1448 3628 1498 3685 ter·
1588 3662 1592 3679 .

299 3695 444 3812 {Spacollec-
474 3727 573 3792 minis
615 3725 784 3812 assignari,
817 3730 852 3790 et
883 3727 951 3791 alia
993 3727 1149 3808 faciendi,
1182 3730 1330 3814 gerendi,
1362 3734 1396 3794 et
1424 3744 1497 3790 exer·
1589 3810 1593 3821 Ι

472 3827 578 3902 cendi,
602 3848 677 3913 quse
709 3827 793 3892 cirea
830 3828 1008 3912 praemissa,
1027 3827 1130 3912 juxta
1163 3830 1299 3895 modum
1321 3836 1356 3896 et
1381 3830 1495 3894 formem

471 3950 641 4015 expressos
665 3927 825 4014 superine,
850 3928 976 3993 fuerint
1002 3935 1175 4015 oportuna,
1197 3930 1293 3995 vobis
1316 3937 1352 3997 et
1372 3934 1494 3994 vestrum

471 4030 610 4116 singulis
644 4031 678 4094 in
716 4029 856 4115 singulis
887 4031 1008 4094 vestris
1041 4031 1237 4097 civitatibus
1260 4038 1295 4097 et
1324 4027 1493 4099 dioecesibus

471 4133 602 4217 plenam
626 4131 846 4207 concedimus,
860 4132 1061 4197 auctoritate
1076 4135 1300 4218 presentium,
1317 4135 1492 4202 faeneum.

303 4240 414 4316 Genera}
473 4235 550 4301 Non
573 4234 792 4312 obstantibus,
815 4235 844 4298 si
867 4234 961 4298 vobis
991 4240 1051 4299 aut
1073 4235 1246 4320 quibusvis
1267 4238 1343 4303 nliis
1365 4237 1491 4321 conjunc

299 4321 459 4422 ffinpppns
473 4339 535 4402 tim
569 4336 624 4402 vel
655 4336 789 4400 divisim
813 4360 834 4400 a
856 4337 947 4402 dict'a
981 4337 1027 4402 sit
1049 4337 1133 4402 Sede
1165 4338 1333 4403 indultum
1367 4331 1491 4426 quodad

301 4447 420 4516 prymen
433 4439 463 4489 of
474 4439 672 4504 solutionem
706 4438 848 4524 alicujus
879 4439 1015 4504 decimes
1046 4439 1183 4504 minime
1213 4435 1400 4519 teneamini,
1419 4431 1493 4505 etad

299 4507 448 4636 {2333in
472 4541 508 4606 id
530 4541 690 4626 compelli,
713 4546 774 4604 aut
805 4541 891 4625 quod
927 4540 1092 4618 interdici,
1114 4543 1280 4627 suspendi,
1302 4544 1358 4608 vel
1391 4560 1493 4608 excon-
1591 4532 1594 4545 ’

298 4639 438 4702 thenpos·
470 4642 631 4708 municari
654 4664 721 4708 non
752 4642 895 4728 possitis,
917 4664 977 4729 per
998 4643 1129 4709 litteras
1159 4644 1356 4731 apostolicas
1377 4667 1443 4733 quae
1460 4640 1489 4704 de

878 4870 885 4897 ”
903 4869 1047 4931 deficeretis,
1058 4872 1113 4926 MS.
