3309 5859
430 907 496 972 194
879 906 1020 958 mrem

431 1098 471 1162 de
493 1115 557 1162 nos
585 1097 697 1160 sumes
718 1086 811 1157 emis.
856 1084 975 1150 Vostre
996 1079 1130 1150 volente
1153 1077 1284 1144 endroit
1317 1074 1359 1142 de
1392 1078 1478 1142 ceste

431 1201 528 1268 chose
549 1217 633 1264 nous
666 1190 784 1258 voillez
813 1186 987 1254 remunder
1008 1203 1070 1270 psr
1090 1181 1122 1246 le
1143 1181 1282 1268 portour
1312 1177 1354 1244 de
1391 1181 1477 1244 ceste

432 1304 540 1370 lettre.
584 1298 619 1364 A
649 1293 737 1361 Dion
767 1291 804 1380 qi
833 1309 916 1356 vous
948 1283 1031 1374 gurd
1063 1288 1098 1350 et
1136 1293 1242 1370 qmnt
1272 1301 1313 1366 qe
1344 1300 1366 1348 s
1397 1298 1480 1345 vous

433 1407 543 1492 spent
587 1399 736 1466 Donese
750 1390 953 1468 Centerbire,
967 1387 999 1454 le
1014 1387 1110 1452 xire·
1120 1384 1198 1472 jour
1221 1383 1263 1450 de
1278 1379 1481 1470 Septembre,

433 1509 492 1574 lsn
513 1504 555 1570 ds
577 1521 674 1589 grece
695 1494 899 1562 uioocxxvs.

296 1937 407 1998 nsot-
439 1928 710 1998 190.-1.1rrrm
745 1935 847 1988 mesi
884 1917 1029 1984 Dormio
1060 1915 1338 1982 Asommncoro
1374 1926 1482 1978 soem

296 2005 401 2066 ‘mm'
592 2039 876 2096 oossusmrrous
912 2037 959 2086 ns
995 2032 1161 2084 snvmeru
1193 2029 1482 2082 sumsromrmmr

268 2121 299 2172 ¹¹·
312 2119 391 2172 ¹²⁷⁶·
593 2147 632 2197 m
654 2139 902 2194 enmumcmsr
923 2137 1039 2190 seem.

270 2306 407 2358 seviens
485 2305 636 2372 ponatur
658 2297 747 2384 quod
769 2293 935 2360 Dominus
956 2288 1039 2368 Rex,
1061 2291 1242 2373 antequem
1264 2284 1422 2373 procedet
1442 2283 1484 2349 sd

269 2375 350 2505 2⁰22&
437 2429 531 2476 erma
552 2409 668 2473 contre
688 2397 893 2484 alienigenos
915 2392 973 2478 qui
1004 2392 1040 2456 in
1062 2409 1166 2456 msnu
1187 2386 1268 2452 forti
1289 2385 1327 2450 in
1348 2407 1485 2474 regnum

273 2505 413 2586 'mouths
437 2531 544 2586 suum,
566 2507 638 2572 sine
669 2501 835 2568 conductu
865 2499 901 2562 et
934 2492 1078 2569 licentis,
1106 2495 1146 2554 ut
1181 2487 1312 2567 dicitur,
1335 2488 1405 2552 sint
1435 2488 1484 2552 in-

269 2576 385 2706 ffignitto
438 2609 550 2700 gressi,
565 2607 680 2671 mittet
702 2607 769 2666 tres
790 2596 972 2686 Episcopos
994 2593 1037 2659 sd
1052 2595 1159 2657 totem
1181 2588 1372 2656 comitivam
1388 2589 1486 2667 illum,

270 2705 369 2758 sanein
438 2714 481 2780 sd
515 2705 754 2796 explorandum
784 2705 819 2766 et
851 2694 1091 2784 exquirendum
1125 2691 1168 2758 sb
1200 2690 1323 2756 eisdem
1355 2711 1484 2757 causam

271 2771 397 2907 {ss'gss'gnt
439 2816 491 2882 sui
514 2813 687 2884 adventus,
710 2808 745 2871 et
766 2822 868 2890 quero
901 2799 948 2864 sio
969 2802 1135 2863 venerunt
1156 2794 1193 2858 in
1214 2797 1312 2859 tenta
1334 2793 1484 2859 multitu.

271 2910 419 3039 ffioffin,
439 2919 516 2984 dine
549 2916 761 2980 armatorum
814 2905 861 2970 Et
893 2899 983 2989 quod
1014 2898 1097 2966 dicti
1131 2895 1295 2982 Episcopi,
1317 2917 1361 2960 ex
1394 2901 1485 2982 parte

271 3042 362 3092 fluxof
440 3020 504 3088 Dei
526 3021 561 3083 et
598 3013 728 3081 Ssnctae
765 3005 927 3081 Eodesiae,
949 3003 1037 3090 ipsos
1073 2997 1274 3084 alienigenas
1313 2995 1488 3063 efficaciter

272 3114 418 3178 foreigners.
441 3121 659 3190 exhortentur
680 3109 768 3198 quod
801 3127 917 3195 paoem
939 3099 1094 3170 Ecclesiae
1124 3103 1159 3164 et
1180 3097 1275 3184 regni
1296 3095 1485 3164 nullatenus

272 3185 357 3235 Dated
367 3184 426 3232 tour

273 3251 407 3316 roysino
439 3219 657 3296 conturbent3
686 3235 746 3280 neo
780 3207 944 3298 praeletos,
965 3225 1027 3271 nec
1057 3219 1214 3289 proceres,
1236 3219 1297 3265 nec
1328 3200 1483 3286 populum

272 3318 399 3397 suenni·
439 3327 534 3416 regni
557 3322 704 3389 teneant
725 3333 786 3380 nec
807 3312 988 3399 provocent
1021 3323 1199 3393 persuum
1221 3297 1424 3382 adventum
1452 3307 1485 3368 et

272 3385 362 3514 {iezi
440 3429 529 3516 quod
554 3441 687 3492 oensem
721 3415 773 3482 sui
806 3413 971 3480 adventus
1004 3408 1040 3472 in
1071 3405 1177 3471 forme
1208 3402 1352 3469 terribili
1374 3425 1487 3490 suprs-

275 3518 385 3648 {gffl
442 3534 532 3599 erosa
554 3525 741 3614 significent
775 3515 917 3582 nomino
941 3511 1032 3598 Regi,
1055 3513 1233 3594 antequam
1267 3505 1349 3572 dieu
1371 3506 1484 3573 menr-

272 3651 340 3700 from
443 3656 537 3723 geum
568 3625 709 3694 ulterius
731 3617 912 3709 procedent
946 3615 982 3680 in
1016 3631 1162 3699 regnum.
1217 3607 1429 3688 DeliberetiS‚
1459 3611 1486 3675 si

275 3719 381 3769 Franco.
444 3737 561 3826 placet,
576 3749 674 3815 super
696 3721 860 3812 positione
882 3715 1059 3804 praedicto3
1081 3717 1116 3778 et
1130 3709 1277 3778 caventis
1292 3709 1387 3776 vobis
1403 3711 1488 3796 quod

444 3860 512 3904 non
543 3829 685 3898 mittetis
714 3823 866 3890 homines
896 3822 1041 3885 armatos
1073 3812 1203 3890 alicubi,
1226 3809 1293 3876 nisi
1324 3817 1488 3898 quatenus

444 3937 610 4030 permittit
624 3929 769 4020 quuiites
790 3931 826 3991 et
848 3919 994 3990 conditio
1016 3919 1134 3984 sutus·
1146 3915 1251 3982 vestri
1274 3918 1310 3980 et
1337 3913 1490 3982 Ecclesiae

445 4048 572 4118 vestrae,
594 4031 837 4103 considerantes
860 4023 1036 4110 diiigenter
1057 4017 1200 4106 qualiter
1223 4014 1387 4082 Dominus
1401 4015 1490 4104 Papo

445 4167 505 4211 vos
526 4160 633 4226 nuper
653 4155 712 4222 per
732 4131 862 4196 littores
884 4122 1079 4211 apostolicas
1102 4117 1304 4196 sollicitavit,
1319 4118 1418 4203 quod,
1433 4141 1491 4205 pro

446 4247 583 4337 pacifice
604 4232 867 4305 reconciliatione
889 4226 1040 4292 Dominus
1062 4221 1198 4308 Reginos
1221 4225 1256 4285 et
1270 4219 1373 4286 Ducis
1387 4221 1491 4306 Aqui-

447 4350 549 4418 taniae
586 4363 624 4410 se
663 4337 802 4404 eliorum
842 4332 1036 4418 magnetum
1069 4323 1164 4410 regni
1201 4321 1333 4408 Angliae
1367 4321 1489 4388 eisdem

449 4443 700 4518 adhaerentium,
715 4436 796 4503 totis
817 4433 946 4500 viribus
961 4426 1140 4502 instaretis,
1155 4425 1234 4510 quie
1256 4422 1432 4510 praemissa,
1455 4429 1494 4490 ut

449 4555 592 4630 videtur,
629 4540 766 4610 Domini
801 4534 930 4604 Summi
967 4528 1137 4598 Pontificio
1174 4531 1209 4592 et
1246 4525 1349 4592 totius
1385 4525 1492 4594 Ourie

450 4659 609 4724 Romenae
624 4646 771 4714 insident
791 4635 969 4708 voluntati.
1008 4633 1116 4720 Super
1131 4627 1309 4718 praemissis
1323 4627 1384 4696 fiet
1407 4628 1493 4715 quod

449 4759 545 4826 vobis
568 4750 696 4819 dederit
717 4745 854 4833 spiritus
876 4734 1004 4808 consilii
1035 4733 1181 4801 senioris.
1235 4729 1353 4816 Script
1377 4731 1494 4817 xxviij.

451 4863 505 4928 die
528 4851 739 4942 Septembris.
