3309 5859
590 938 880 989 cmrulnrsnsss.
1177 927 1241 995 157

117 1144 122 1155 ”
191 1148 326 1213 minime
341 1150 486 1227 visitata,
502 1151 544 1214 ad
569 1150 745 1215 Ecclesiam
764 1150 1020 1236 Norwycensem
1043 1151 1241 1236 praedictam,

191 1254 271 1315 tunc
295 1256 475 1331 vacantem,
499 1257 533 1315 et
555 1252 726 1317 civitatem
750 1258 783 1315 et
813 1251 980 1317 dioecesim
1004 1251 1242 1336 Norwyeenses

192 1352 365 1439 praedictas
396 1352 601 1427 visitaturus,
633 1376 691 1439 per
725 1374 759 1417 se
792 1359 825 1418 ct
860 1353 950 1429 alios,
984 1353 1084 1418 rediit
1112 1353 1241 1431 iterato,

192 1455 313 1540 amque
337 1454 448 1540 aliqua
470 1455 620 1541 logitima
647 1476 754 1531 causa,
778 1460 812 1519 et
840 1455 934 1533 inibi,
958 1476 1015 1541 per
1038 1478 1072 1519 se
1095 1460 1130 1519 et
1151 1455 1241 1529 alios,

193 1556 353 1633 visitavit,
369 1557 405 1621 in
423 1557 509 1640 juris
531 1556 697 1633 offensam,
713 1562 747 1621 et
763 1557 861 1621 dictae
885 1556 1046 1632 Ecclesiae,
1071 1555 1193 1620 Prioris
1209 1568 1243 1620 rt

194 1658 349 1745 Capituli,
373 1664 407 1723 et
429 1657 568 1723 aliorum
593 1679 731 1744 quorum
747 1659 856 1724 dietus
872 1658 1036 1723 Robertus
1051 1664 1244 1744 procurator
1283 1679 1288 1687 ·

192 1762 314 1837 existit,
338 1761 492 1847 injuriam
526 1766 560 1826 et
582 1783 768 1848 gravamen.
814 1760 906 1827 Petit
927 1761 1031 1849 igitur
1053 1767 1244 1847 procurator

192 1860 376 1948 praedictns,
412 1884 469 1946 per
501 1883 560 1927 vos
593 1862 764 1927 dominum
798 1862 994 1941 Auditorem
1027 1864 1243 1949 pronuntiari,

192 1964 329 2043 decerni,
361 1970 396 2029 et
429 1964 596 2041 declarari,
615 1964 880 2049 jurisdictionem
904 1964 1064 2051 Episcopo
1099 1965 1242 2050 Norwy-

177 2068 280 2133 ¹censi
301 2088 361 2154 pro
385 2072 529 2155 tempore
553 2071 799 2157 competentem,
822 2066 1018 2153 pertinuisse
1039 2066 1082 2131 ad
1098 2066 1244 2132 Priorem

192 2174 227 2234 et
259 2168 451 2255 Capitulum
489 2169 704 2255 supradictos,
734 2192 793 2255 pro
832 2174 979 2254 tempore
1010 2190 1075 2255 quo
1107 2168 1244 2234 eandem

194 2272 372 2336 Ecclesiam
389 2271 588 2336 infuturum
612 2293 727 2337 vacare
750 2271 935 2357 eontigerit,
950 2271 1104 2356 dictoque
1128 2271 1244 2336 Archi-

194 2372 343 2457 episcopo
380 2393 447 2436 non
485 2372 613 2437 licuisse
644 2395 705 2437 nec
734 2372 841 2449 licere,
879 2378 1025 2459 tempore
1063 2373 1245 2437 vacationis

195 2474 293 2539 dictae
316 2474 469 2539 Ecclesiae
507 2473 748 2558 Norwycensis,
784 2479 996 2539 correctorem
1044 2474 1245 2539 constituere

194 2576 387 2663 generalem,
418 2582 477 2640 aut
514 2576 693 2654 officialem,
731 2582 766 2640 et
797 2578 966 2641 custodem
998 2577 1246 2664 spiritualitatis

195 2678 393 2744 constituere
416 2678 451 2741 in
481 2677 617 2742 civitate
652 2682 687 2741 et
720 2678 854 2742 dioecesi
875 2676 1164 2762 Norwycensibns,
1187 2680 1245 2765 qui

193 2781 338 2865 aliquam
357 2780 621 2865 jurisdictionem
645 2780 868 2876 episcopalem,
886 2786 920 2844 et
942 2780 1072 2844 solitam
1095 2782 1245 2866 episeopo

196 2882 412 2968 Norwycensi
436 2882 514 2947 dum
547 2882 635 2947 vivit
658 2878 861 2967 competere,
883 2889 1042 2959 exerceat,
1065 2884 1245 2968 praesertim

197 2984 364 3072 praedictis
381 2983 515 3049 Priore¹
539 2988 573 3048 et
596 2982 751 3068 Capitale
773 2984 810 3049 in
832 2982 925 3049 nulla
946 2984 1150 3071 negligentia
1170 3008 1247 3051 oon·

195 3088 345 3166 stitutis;
367 3096 402 3151 et
423 3086 487 3172 ipsi
510 3084 770 3172 Archiepiscopo,
794 3107 892 3171 super
922 3086 1097 3171 praedictis,
1120 3088 1247 3173 imponi

193 3196 390 3279 perpetuum
412 3188 589 3267 silentium,
606 3193 642 3253 et
662 3187 726 3252 sibi
749 3186 892 3253 inhiberi
906 3210 949 3253 na
972 3188 1012 3254 de
1035 3195 1142 3257 cetero
1164 3192 1247 3257 talia

194 3298 393 3379 attemptare
415 3296 601 3377 praesumat,
620 3290 810 3377 dictumque
834 3291 1028 3377 Capitulum
1049 3293 1093 3357 ad
1114 3293 1246 3358 solitam

195 3394 430 3482 possessionem
454 3398 489 3458 et
511 3392 604 3478 qnasi
637 3392 673 3456 in
705 3393 871 3478 praedictis
905 3399 940 3458 et
972 3393 1058 3459 circa
1088 3396 1248 3481 praedicta

194 3497 337 3574 restitui,
374 3500 536 3582 quatenus
573 3517 631 3582 per
669 3493 826 3580 praedicta
863 3501 898 3561 et
935 3517 1046 3561 eorum
1080 3500 1247 3565 occasione

195 3600 300 3687 possit
322 3598 388 3663 dici
420 3596 668 3683 quomodolibet
694 3596 881 3681 spoliatum.
926 3596 1018 3662 Petit
1040 3599 1141 3663 etiam
1172 3622 1248 3686 pro-

194 3700 343 3766 nuntiari
366 3706 401 3765 et
423 3698 554 3764 decerni
576 3703 669 3784 gestu
699 3704 734 3763 et
765 3698 853 3763 sacta
886 3720 946 3783 per
976 3700 1102 3765 dictum
1126 3702 1248 3788 Magis-

196 3811 286 3870 trum
324 3802 511 3868 Johannem
534 3802 574 3867 de
607 3800 768 3865 Baddesle
803 3802 980 3866 temeraria
1018 3808 1052 3867 et
1089 3803 1249 3888 injuriosa

196 3906 305 3981 fuisse,
329 3909 364 3969 et
393 3903 517 3968 nullius
551 3900 701 3967 efficaciae
735 3907 770 3966 et
803 3904 961 3967 momenti
989 3904 1146 3971 extitisse.
1192 3907 1248 3970 In-

198 4028 296 4091 super
326 4006 414 4091 petit
447 4004 556 4069 dietus
587 4008 789 4089 procurator,
823 4006 1033 4089 pronuntiari
1069 4012 1169 4091 atque
1193 4008 1248 4071 de-

198 4108 299 4185 cerni,
325 4128 384 4192 per
407 4106 533 4171 dictum
556 4105 849 4191 Archiepiscopum
884 4127 1055 4192 perperam
1078 4114 1113 4172 et
1134 4114 1250 4174 contra

193 4212 273 4298 jura
306 4210 407 4275 fuisse
442 4214 687 4294 attemptatum,
710 4220 831 4285 actum,
869 4214 903 4273 et
934 4216 1075 4295 gestum,
1105 4211 1141 4275 in
1178 4212 1249 4290 hoc,

200 4314 298 4400 quod,
336 4334 410 4377 eum
456 4312 499 4376 ad
544 4310 750 4375 visitandum
789 4332 884 4374 suam
933 4312 1137 4396 provinciam
1176 4336 1250 4399 pro·

198 4415 355 4491 cessisset,
379 4412 534 4489 visitatis,
563 4412 665 4496 juxta
699 4412 847 4477 ordinem
871 4412 1033 4493 Ecclesiae,
1056 4414 1192 4480 civitate
1215 4422 1250 4481 et

197 4516 330 4583 dioeeesi
354 4514 642 4599 Norwyeensibns,
677 4536 745 4579 snae
779 4513 959 4600 provinciae
990 4521 1084 4600 parte
1118 4517 1250 4583 residua

195 4619 332 4684 minime
366 4616 513 4693 visitata,
535 4616 579 4680 ad
611 4614 787 4692 ecelesiam,
811 4615 992 4693 civitatem,
1015 4622 1050 4681 et
1081 4618 1248 4684 dioecesim

197 4722 440 4806 Norwyeenses
464 4719 671 4793 visitaturus,
687 4740 746 4804 per
768 4740 802 4783 se
825 4724 857 4783 et
882 4718 971 4795 alios,
996 4719 1096 4785 rediit
1119 4721 1248 4799 iterato,

626 4870 633 4902 ¹
655 4868 751 4931 Priori,
762 4870 817 4920 MS.
