3309 5859
422 852 486 914 124
875 866 1008 916 urm

250 1078 334 1129 siro.
419 1072 501 1118 nous
525 1076 607 1121 vous
629 1060 800 1125 mercioms
816 1061 923 1128 moult
944 1063 986 1129 de
1007 1063 1041 1129 lo
1062 1063 1148 1130 bone
1162 1063 1297 1131 volonte
1320 1085 1362 1150 qo
1386 1084 1465 1130 voue

251 1146 380 1275 ῗξέῐζῐιῗᾶἱῑ
418 1176 501 1221 nous
536 1164 749 1226 monstroetes
783 1163 953 1249 nodgeres,
976 1164 1128 1250 quontil
1158 1186 1242 1231 vous
1263 1166 1356 1252 pluet
1377 1186 1465 1230 morr-

251 1285 323 1341 ιΜ),
337 1280 388 1329 Go-
418 1256 476 1321 der
513 1282 534 1325 a
565 1282 648 1326 nous
681 1267 792 1328 vostre
825 1271 912 1330 estet
943 1287 1003 1352 par
1037 1289 1099 1332 roz
1131 1267 1246 1333 lettres
1278 1274 1313 1333 et
1346 1268 1465 1334 deoirez

249 1347 513 1461 'dtfflffisssovor
535 1368 647 1427 nostre
681 1370 777 1429 estat.
825 1365 891 1431 Sur
913 1388 1010 1453 quoy,
1032 1367 1113 1446 Sire,
1136 1390 1221 1434 nous
1244 1391 1327 1435 vous
1350 1369 1465 1435 fesoms

251 1446 371 1541 Giseony
417 1464 572 1541 assavoir,
596 1486 636 1551 qe
660 1464 690 1529 lo
716 1466 797 1553 jour
820 1489 861 1552 qe
884 1474 973 1535 reete
999 1469 1098 1535 lettre
1121 1470 1192 1536 fuet
1221 1470 1303 1536 faite
1324 1472 1359 1536 lo
1380 1470 1464 1536 Dieu

248 1544 380 1661 ἓξξζηῑξζ
418 1564 518 1629 merei
542 1586 625 1630 nous
661 1567 791 1652 fuyroes
815 1590 856 1633 en
887 1576 983 1635 sonte
1006 1570 1047 1637 de
1080 1593 1184 1659 corpo,
1206 1572 1328 1639 sioome
1356 1577 1465 1637 nostre

248 1677 370 1743 Euglend.
418 1686 478 1749 age
502 1665 532 1729 le
562 1668 687 1744 sooffre,
712 1674 746 1733 et
777 1691 835 1735 ceo
867 1671 1024 1737 desiroms
1056 1673 1144 1759 pluis
1178 1696 1238 1739 ver
1269 1696 1310 1759 qe
1342 1673 1394 1738 oir
1425 1674 1463 1737 de

417 1788 506 1832 vous.
555 1770 599 1833 Et
616 1770 701 1835 Diou
728 1794 808 1836 vous
832 1774 928 1838 donit
949 1774 1027 1839 bien
1049 1778 1222 1843 continuet
1244 1776 1277 1842 lo
1299 1776 1463 1863 groeiouso

416 1890 547 1935 monere
582 1893 622 1956 qe
657 1872 680 1937 ii
716 1894 800 1939 vous
834 1875 878 1939 od
911 1877 997 1942 done
1030 1878 1072 1942 de
1104 1879 1217 1943 vivere
1250 1900 1292 1943 en
1323 1901 1402 1965 pees
1430 1884 1463 1943 et

415 1992 529 2037 amour
563 1982 657 2039 entre
689 1974 735 2039 les
767 1983 867 2063 gente
900 1979 958 2043 loo
980 2000 1023 2044 ou
1046 2002 1130 2045 vous
1163 1986 1248 2046 estes
1271 1982 1462 2057 demoriont,

414 2075 534 2139 sicome
569 2076 616 2141 les
650 2084 768 2163 grontz
800 2085 835 2144 et
857 2079 904 2145 leo
937 2082 1114 2160 mimimo,
1137 2083 1170 2169 qi
1205 2085 1324 2149 vinent
1346 2083 1387 2147 de
1417 2082 1463 2148 leo

414 2177 537 2262 parties
569 2177 610 2242 de
645 2178 817 2265 Goseoyne
852 2203 894 2246 en
917 2182 1118 2271 Engleterre‚
1141 2184 1235 2251 dient
1266 2191 1302 2250 et
1333 2184 1462 2250 tesmoi·

412 2285 518 2365 guent
551 2287 824 2349 communement.
873 2284 917 2349 Et
949 2308 1013 2371 pur
1035 2286 1133 2364 Dieu,
1156 2287 1239 2365 Sira,
1273 2310 1355 2373 eyez
1388 2294 1462 2353 touz

408 2382 501 2466 jours
524 2383 643 2468 regard
665 2383 706 2448 de
737 2392 848 2450 vostre
871 2384 979 2451 honor
1001 2388 1121 2454 eioome
1150 2410 1234 2455 vous
1256 2410 1340 2455 avez
1361 2396 1462 2455 avant

412 2506 463 2548 eos
498 2484 619 2550 houres
652 2492 731 2551 touz
765 2488 860 2573 joum
891 2510 953 2569 eu;
983 2490 1047 2556 ker
1080 2491 1168 2577 pluis
1199 2499 1251 2557 est
1281 2492 1392 2557 honor
1422 2493 1460 2557 de

410 2586 508 2651 home
547 2610 587 2672 qe
622 2590 710 2653 autri
746 2612 837 2669 aver,
871 2611 932 2677 per
965 2612 1022 2659 oeo
1065 2616 1106 2679 qe
1143 2614 1208 2681 pur
1242 2596 1333 2661 autri
1371 2594 1460 2660 avoir

411 2688 498 2753 mult
529 2690 569 2754 de
601 2696 700 2777 gentz
731 2699 795 2757 unt
829 2693 933 2779 perdo
968 2694 1021 2760 lur
1052 2696 1159 2761 honur
1191 2698 1373 2784 demeigne.
1418 2698 1460 2762 Et

411 2790 534 2867 socher,
558 2791 641 2869 Sire,
664 2815 704 2877 qe
737 2815 793 2861 oeo
816 2818 857 2881 qe
890 2817 975 2862 nous
1005 2818 1157 2885 purroms
1179 2799 1261 2866 faire
1283 2821 1349 2886 pur
1371 2822 1458 2877 vous,

411 2893 527 2957 devere
561 2893 657 2971 Dion,
690 2902 724 2961 et
756 2896 879 2963 Nostro
913 2898 1028 2976 Deme,
1062 2905 1097 2965 et
1130 2900 1229 2967 Soint
1259 2901 1411 2979 Thomas,
1441 2924 1458 2966 e

411 3001 522 3061 autres
560 3018 654 3084 corps
692 2998 799 3064 saintz
840 3022 881 3085 qe
915 3022 957 3066 en
995 3008 1108 3068 nostre
1139 3002 1266 3091 Fegliee
1300 3012 1458 3092 repoeent,

410 3121 494 3164 nous
532 3100 562 3164 le
596 3099 697 3165 froms
734 3102 913 3168 bonement
950 3111 986 3169 et
1023 3105 1266 3174 devoutement
1311 3108 1344 3173 A
1366 3108 1456 3185 Dieu‚

410 3202 492 3279 sire,
526 3226 566 3288 qe
600 3224 684 3268 vous
707 3204 802 3270 donit
833 3205 911 3271 bien
934 3208 1054 3286 vivere,
1078 3216 1113 3275 et
1142 3210 1221 3277 bien
1243 3212 1352 3288 morir,
1375 3217 1410 3278 et
1438 3234 1456 3276 o

411 3303 443 3369 lo
470 3305 550 3390 joye
574 3305 615 3369 de
647 3304 707 3369 ciel
739 3306 841 3371 venir.
903 3309 1019 3375 Donez
1040 3332 1062 3377 e
1084 3311 1277 3379 Gonterbire
1310 3314 1343 3379 le
1364 3314 1456 3379 veille

413 3404 510 3471 Saint
533 3406 753 3485 Bartholome
777 3408 834 3473 lan
856 3410 897 3475 de
920 3433 1016 3498 grece
1038 3411 1260 3481 Mlcccxxmo.

410 3584 546 3593 ..η-...-
556 3586 918 3597 ——-——.--——--——

267 3684 380 3750 mue·
450 3693 816 3763 130.—Oorr1eiurro
839 3716 1022 3767 porosum
1046 3720 1217 3771 rocem
1239 3706 1366 3774 Porom
1388 3726 1428 3775 rr

285 3754 357 3802 ¹³⁹⁴
689 3798 899 3867 Convertor
920 3802 1182 3874 wroromrnsr.

240 3892 271 3942 L.
286 3894 365 3941 1³9«.

240 4027 382 4081 {rhemor
456 3960 661 4027 Venerandae
691 3964 863 4049 religionis
891 3966 972 4044 viro,
1005 3968 1148 4037 Domino
1184 3971 1223 4038 R.
1257 3974 1321 4040 Dei
1351 3980 1455 4064 gratio

242 4111 389 4149 announees
411 4062 518 4128 Priori
543 4063 696 4130 Ecclesiae
733 4064 978 4150 Wyntonienoi,
1010 4070 1151 4139 devotus
1182 4096 1262 4141 suus
1295 4078 1454 4145 Henrieoe

241 4233 384 4349 wrthwge
407 4266 545 4332 ariensis
579 4264 719 4332 salutem
751 4267 849 4335 illam
882 4291 981 4357 quom
1012 4275 1141 4361 peperit
1172 4300 1247 4363 quae
1281 4281 1353 4347 eolo
1383 4294 1454 4369 poet

239 4363 383 4481 {ffffif
408 4374 541 4455 partum
579 4368 674 4455 virgo
710 4372 901 4455 permansit
962 4374 1098 4443 Induoit
1135 4377 1298 4459 honestos,
1331 4386 1454 4451 excitet

240 4496 350 4547 ofWin·
407 4471 545 4547 utilitas,
569 4478 603 4535 et
626 4472 744 4537 suadet
769 4475 864 4551 ratio,
887 4498 987 4542 saeue
1009 4478 1177 4565 religionis
1198 4484 1393 4567 professores
1413 4490 1453 4553 ab

240 4563 363 4679 {lma
408 4575 550 4639 invicem
583 4576 748 4640 distantes
787 4577 908 4643 litteris
940 4582 1167 4649 consolatoriis
1198 4586 1340 4653 invitem
1371 4614 1452 4657 oom-

240 4693 338 4757 implies
408 4677 583 4755 munioore,
600 4682 634 4741 et
658 4684 796 4744 mutuas
818 4682 1005 4768 petitiones,
1022 4706 1096 4770 quae
1118 4706 1140 4751 a
1162 4688 1301 4755 rationis
1324 4696 1452 4759 tremite

239 4761 391 4890 ‘Chssgp‘tssssos
408 4800 475 4843 non
508 4778 654 4857 devient,
688 4778 826 4847 feliciter
859 4785 1025 4850 exaudire.
1083 4787 1154 4853 Noe
1189 4788 1294 4875 igitur
1326 4797 1454 4881 negotio
