3309 5859
473 904 537 970 344
919 915 1055 962 amans,

474 1100 614 1167 notoriis
637 1106 672 1166 et
695 1100 888 1178 manifestis,
911 1100 953 1165 de
975 1101 1146 1165 communi
1179 1095 1346 1164 consilio
1373 1099 1410 1159 et
1441 1115 1541 1158 essens

476 1201 600 1268 Prioris
623 1208 657 1266 et
680 1200 873 1268 Conventus
895 1201 1044 1286 eiusdem
1066 1199 1304 1274 Monastcrii,
1322 1197 1399 1261 fuit
1419 1196 1541 1260 miseni

476 1303 633 1372 cistulis*
657 1301 873 1388 mancipatus
919 1302 1094 1366 Praemissa
1114 1301 1302 1366 seriosius
1338 1296 1438 1362 vobis
1458 1298 1544 1369 scribi,

480 1412 518 1472 ut
540 1426 638 1492 super
660 1404 781 1470 eisdem
806 1404 1051 1490 beneplacitum
1074 1411 1245 1469 vestrum
1273 1400 1475 1466 rescribatis
1493 1421 1543 1462 cun

478 1507 573 1573 vobis
605 1507 775 1593 placuerit.
820 1506 950 1583 Valeat,
988 1513 1046 1572 etc
1093 1507 1239 1571 Datum
1287 1502 1485 1571 Cantuariae
1514 1503 1543 1586 iij,

479 1611 533 1676 die
556 1607 721 1688 Januarii,
743 1630 833 1674 anno
855 1608 933 1675 Dni.
956 1615 1218 1674 u⁰ccc⁹¹⁰xu⁰.

341 1834 655 1952 {312⁰J’·331.-Da
695 1859 819 1909 amens
850 1812 1048 1909 canomcis
1075 1844 1212 1910 Sason
1251 1842 1446 1909 Gamoan
1474 1835 1541 1902 Cu·-

636 1960 775 2010 roasia
817 1961 865 2010 an
904 1961 1053 2010 urrunsa
1083 1961 1173 2010 Loca
1214 1958 1463 2010 massurssrs
1494 1954 1542 2001 ruo

307 2040 337 2090 ¹⁴·
351 2037 430 2090 ¹⁷⁶⁶·
638 2062 857 2112 rmniranria
879 2063 1063 2113 rammam.

306 2205 458 2283 rhemnon
530 2199 692 2265 hienricus
723 2200 935 2285 permissione
966 2200 1089 2277 divina,
1113 2207 1174 2267 ete
1207 2208 1250 2267 et
1282 2199 1399 2266 ceteri
1431 2195 1539 2278 collare

305 2271 450 2402 ffissfffiy
485 2307 545 2368 etc.
569 2303 679 2368 Fratri
709 2303 740 2368 J.
763 2303 804 2368 de
836 2303 1008 2380 hierstone,
1041 2303 1210 2370 Canonieo
1243 2303 1380 2369 Sancti
1409 2297 1536 2382 Gregorii

305 2404 419 2522 {iffi
429 2479 456 2522 ω
486 2403 673 2470 Csntuarie
703 2405 794 2492 apud
825 2404 962 2470 Bentele
991 2407 1144 2482 moranti,
1174 2405 1348 2480 salutem,
1382 2407 1444 2467 ete,
1496 2397 1535 2460 131

306 2536 411 2602 prosa„
485 2507 583 2573 certis
606 2513 640 2572 et
662 2507 915 2574 rationabilibus
938 2509 1043 2574 oaiisis
1066 2508 1138 2586 tibi,
1161 2510 1254 2574 sient
1288 2508 1392 2583 alias,
1422 2505 1488 2568 vioe
1511 2508 1534 2562 et

306 2605 451 2720 f⁰⁸¹i¹¹¹⁶
483 2609 681 2674 auctoritate
712 2609 792 2673 dicti
824 2610 936 2695 patris,
960 2610 994 2673 in
1026 2611 1153 2675 virtuto
1183 2616 1323 2677 sanctae
1353 2605 1531 2672 obedientia

306 2673 412 2786 effi}
483 2710 625 2774 firmiter
655 2710 860 2796 injungendo
891 2711 1095 2788 mandamus,
1119 2713 1285 2797 quatinus
1324 2711 1461 2775 Fratres
1486 2704 1530 2767 ,Ιο-

306 2801 434 2852 meissen
483 2811 627 2877 hannem
658 2812 698 2876 de
715 2811 831 2898 Hugh,
863 2818 899 2876 et
921 2813 1029 2878 Adam
1059 2814 1101 2878 de
1123 2814 1330 2901 Wenchepe,
1365 2809 1527 2877 confram

304 2867 446 2987 &agap-ot
485 2919 520 2976 et
541 2912 774 2978 concanonicos
807 2921 892 2990 tuos,
915 2911 1047 2978 sublato
1068 2914 1301 3001 cujuscunque
1336 2907 1525 2978 difficultatis

306 3003 466 3118 ffiffid
485 3015 664 3094 obstaculo,
685 3016 845 3082 admittas
876 3017 911 3080 in
944 3016 1083 3082 caritate
1114 3017 1273 3104 fraterna,
1310 3024 1425 3082 tecum
1454 3007 1524 3123 apud

306 3134 454 3184 rhemnon
485 3117 622 3183 Bentele
647 3125 829 3182 moraturos
853 3118 1022 3203 usquead
1049 3119 1295 3204 beneplacitum
1320 3118 1408 3184 dicti
1430 3122 1523 3200 patus,

306 3199 440 3330 fflplnss'
486 3224 520 3284 et
550 3221 591 3285 de
622 3220 718 3284 bonis
748 3219 979 3305 spiritualibus
1006 3227 1041 3286 et
1070 3221 1312 3306 temporalibus
1345 3221 1389 3286 ad
1413 3217 1521 3281 Monu-

305 3332 457 3382 vhenlook-
485 3320 606 3385 terium
644 3320 760 3385 Sancti
799 3320 949 3405 Gregorii
988 3320 1178 3387 Cantuariae
1223 3321 1464 3408 spectantibus,
1494 3318 1519 3376 ul

306 3398 428 3528 ἶζξζξξ
486 3429 580 3488 extra
611 3422 777 3488 dioecesim
806 3423 1079 3490 Cantuariensem
1109 3427 1145 3489 in
1176 3427 1429 3511 quibuscunque
1454 3418 1516 3484 loeis

307 3531 436 3607 perqbe.
485 3525 712 3602 existentibus,
748 3547 816 3590 una
851 3532 960 3590 tecum
993 3527 1073 3591 vitre
1106 3529 1287 3594 necessaria
1317 3530 1515 3615 percepturos,

307 3597 459 3714 lffiffl,
485 3633 519 3692 et
554 3628 745 3692 continuam
790 3628 1004 3693 residentiam
1039 3629 1123 3694 inibi
1154 3630 1322 3712 facturos;
1371 3650 1429 3694 nec
1458 3645 1512 3710 per·

483 3730 608 3808 mittas,
643 3735 806 3815 quantum
838 3730 876 3793 in
907 3737 941 3795 te
975 3737 1034 3809 est,
1066 3733 1156 3818 quod
1189 3733 1271 3798 dicti
1301 3734 1463 3800 Johannes
1488 3731 1513 3787 el

483 3831 599 3904 Adam,
615 3830 669 3895 vel
693 3829 791 3895 aliter
814 3829 970 3916 ipsorum,
995 3839 1093 3898 extra
1114 3835 1319 3900 territorium
1341 3836 1383 3900 de
1396 3825 1509 3897 Bentele

482 3933 676 4010 discurrant,
701 3932 771 3996 nise
801 3930 886 3997 forte
918 3935 1091 4022 contingat
1119 3937 1265 4021 aliquem
1295 3939 1336 4002 de
1365 3934 1462 4007 vobis,
1479 3928 1509 3991 de

482 4033 648 4100 communi
671 4033 810 4098 aliorum
835 4055 1004 4113 consensu,
1027 4038 1119 4122 apud
1133 4036 1271 4103 Wotton
1295 4027 1505 4108 declinamud

483 4135 761 4222 supervidendum
787 4135 895 4201 locum
911 4143 946 4201 et
961 4138 1049 4204 bona
1063 4145 1176 4204 vestra
1191 4162 1265 4226 quse
1287 4147 1366 4206 sunt
1387 4129 1506 4203 ibidem.¹

484 4237 530 4301 Et
551 4235 631 4321 quia
654 4236 882 4302 intelleximus
912 4238 1002 4323 quod
1032 4241 1214 4305 oratorium
1236 4243 1309 4307 sive
1338 4239 1453 4328 capella
1475 4233 1505 4296 de

484 4337 627 4414 Bentele,
651 4357 710 4422 pro
742 4336 873 4403 defectu
896 4346 1097 4426 coopertura
1127 4347 1163 4407 et
1184 4343 1370 4425 clausturae,
1391 4348 1438 4410 est
1455 4336 1506 4402 rui·

518 4525 525 4558 ¹
542 4527 650 4590 Bentley
662 4542 712 4576 was
721 4543 737 4576 a
749 4527 824 4576 small
836 4527 926 4592 Priory
936 4531 980 4578 be-
1031 4532 1181 4598 appraiaing
1192 4531 1232 4582 ior
1242 4535 1311 4593 sale;
1328 4534 1355 4584 in
1370 4535 1419 4584 fact
1429 4533 1457 4581 he
1465 4541 1503 4576 m

483 4613 565 4655 tween
577 4604 684 4654 Harrow
695 4607 746 4654 and
765 4609 803 4656 St.
814 4605 923 4657 Albam.
956 4609 982 4658 lt
1032 4609 1193 4677 performing
1210 4612 1253 4662 the
1271 4629 1341 4663 same
1352 4615 1419 4663 work
1435 4619 1502 4660 mm
1592 4642 1593 4649 κ

483 4699 535 4734 was
542 4684 604 4733 here
610 4684 666 4733 that
673 4683 699 4732 in
711 4687 786 4746 lata,
794 4686 832 4734 M.
842 4687 917 4736 Paris
926 4688 982 4737 tells
1034 4687 1152 4754 assigned
1164 4699 1192 4741 to
1202 4691 1276 4741 these
1286 4692 1407 4743 banished
1416 4691 1502 4742 Cauou,

484 4777 524 4819 us,
535 4763 577 4812 the
588 4762 662 4813 Prior
672 4778 724 4813 was
741 4764 932 4831 amotheredby
940 4767 983 4816 tha
1033 4768 1083 4818 less
1094 4769 1157 4820 than
1168 4786 1184 4820 a
1194 4778 1301 4836 century
1312 4772 1375 4822 atter
1385 4771 1423 4820 hia
1432 4765 1496 4818 teu.

483 4839 528 4890 fall
540 4841 568 4892 oi
583 4858 600 4893 a
612 4843 770 4904 abeat-rich,
789 4843 871 4895 which
889 4845 921 4895 he
932 4861 984 4896 was
