3309 5859
444 854 511 920 254
884 869 1017 920 nrrrnn

275 1054 408 1168 notpmst
442 1040 512 1107 Pur
555 1064 612 1110 eeo
649 1064 690 1130 qe
727 1065 811 1111 nous
849 1066 932 1112 vous
963 1045 1106 1132 priames
1140 1045 1314 1133 nadgeres
1355 1061 1431 1129 par
1471 1057 1531 1103 Μ

275 1123 330 1186 ¹³5²
346 1137 388 1198 Ρ·
443 1143 567 1223 lettres,
582 1147 623 1212 de
646 1147 825 1213 bonemont
857 1149 970 1214 suffrir
1001 1171 1041 1234 qe
1075 1169 1158 1214 neus
1182 1149 1374 1235 puissems
1401 1163 1531 1230 purver

273 1201 423 1252 permmron

274 1253 390 1370 bibliam
445 1249 752 1316 etaohaterenle
775 1257 910 1338 portet
941 1253 975 1318 la
998 1252 1077 1318 ville
1108 1253 1149 1318 de
1184 1252 1377 1336 Sandvvyz
1404 1267 1470 1312 eeo
1493 1266 1531 1330 qe

277 1387 403 1452 pum,
444 1359 546 1436 apent
567 1353 600 1418 al
623 1353 730 1418 benur
761 1355 801 1419 de
824 1355 919 1434 Dieu,
943 1367 977 1420 et
1011 1356 1051 1421 de
1075 1362 1185 1422 nostre
1208 1355 1280 1420 dite
1309 1350 1477 1438 Esglise,
1500 1354 1532 1411 et

275 1452 421 1568 pwfflfflfl
446 1452 504 1517 (les
536 1475 630 1540 corps
653 1455 759 1520 seintz
781 1479 821 1541 qe
845 1457 932 1522 leinz
954 1463 1116 1544 repesent,
1139 1463 1174 1522 et
1194 1458 1271 1522 ausi
1295 1451 1476 1539 vitaillae
1499 1453 1531 1513 el

274 1535 391 1636 ssisshf'
445 1560 560 1621 atures
582 1557 695 1623 choses
717 1579 782 1644 pur
803 1563 1000 1626 sustenanee
1024 1560 1065 1624 cle
1088 1581 1171 1624 noua
1193 1565 1229 1624 et
1251 1559 1295 1624 de
1321 1578 1404 1622 nez
1420 1552 1531 1630 amis;

445 1665 481 1722 et
502 1679 559 1722 sur
580 1681 645 1737 oeo,
667 1665 777 1726 vostro
800 1663 908 1740 merei,
931 1683 1014 1728 vous
1046 1661 1219 1728 otreisstes
1252 1659 1465 1726 benement
1496 1659 1529 1716 et

445 1762 679 1827 amiablement
701 1785 722 1828 a
743 1771 857 1830 nostre
880 1765 950 1830 dite
972 1769 1132 1850 requeste,
1155 1765 1275 1830 sieeme
1300 1785 1402 1830 vous
1440 1778 1529 1822 nous

444 1864 633 1929 mandantes
655 1885 750 1950 apres
772 1866 986 1951 ploynement
1007 1889 1066 1952 par
1082 1889 1144 1932 voz
1157 1866 1283 1942 lettres,
1300 1865 1367 1930 issi
1398 1883 1447 1948 qe
1463 1880 1528 1924 nez

445 1967 529 2031 amis
552 1967 592 2031 de
616 1967 818 2047 Canterbirs,
850 1970 891 2035 de
925 1971 958 2034 la
991 1969 1070 2036 ville
1105 1970 1264 2047 meismeS,
1279 1990 1322 2034 ne
1365 1966 1526 2032 fuissent

446 2091 488 2132 on
510 2069 601 2134 nulle
623 2091 754 2135 manere
776 2093 838 2158 par
867 2093 950 2136 nous
980 2071 1162 2138 eonfortez:
1185 2071 1314 2152 voillez,
1340 2067 1524 2134 tresebers

445 2173 538 2250 amis,
561 2174 820 2260 eerteignement
843 2197 940 2240 sever
962 2198 1002 2262 qe
1033 2182 1110 2240 touz
1141 2197 1246 2242 eeaux
1268 2172 1303 2260 qi
1339 2178 1433 2239 sent
1459 2190 1523 2233 vez

445 2277 530 2342 amis
551 2298 635 2341 nous
658 2283 787 2343 tenonis
810 2300 874 2364 pur
896 2300 959 2344 nez
981 2279 1065 2345 amis
1077 2306 1085 2360 ;
1113 2286 1148 2345 et
1169 2301 1233 2366 pur
1254 2286 1383 2358 autres,
1412 2275 1452 2361 qi
1475 2294 1519 2337 ne

446 2382 523 2443 sont
545 2381 610 2445 mie
633 2380 674 2445 de
698 2385 807 2446 vostre
831 2381 958 2459 amiate,
981 2403 1065 2448 nous
1087 2403 1128 2446 ne
1152 2381 1278 2446 voloms
1301 2380 1391 2444 faire
1418 2375 1518 2441 nulle

446 2503 579 2546 manere
610 2504 821 2568 purveaunee
853 2505 895 2548 ne
929 2483 1067 2560 confort,
1099 2485 1237 2568 desques
1271 2487 1372 2548 etant
1409 2501 1456 2564 qe
1490 2475 1514 2540 il

445 2585 554 2649 soient
575 2585 753 2650 benement
775 2586 937 2652 redressez
960 2608 1035 2652 vers
1058 2607 1150 2664 vous,
1173 2591 1249 2651 tant
1279 2591 1389 2650 avant
1414 2602 1513 2648 eeme

446 2709 530 2751 neus
564 2687 594 2752 le
625 2688 790 2773 puissonas
821 2709 915 2753 saver
937 2695 972 2754 et
1002 2687 1182 2766 entendre;
1212 2709 1281 2752 mes
1312 2685 1511 2752 seulement

447 2812 510 2875 pur
548 2791 578 2854 le
615 2789 723 2855 honur
756 2791 798 2854 de
836 2797 947 2856 nostre
981 2791 1051 2856 dite
1087 2791 1221 2878 Esglise,
1253 2795 1288 2855 et
1319 2810 1386 2874 pur
1419 2808 1509 2852 nous

446 2891 605 2970 meismes,
622 2897 656 2956 et
677 2912 742 2976 pur
763 2891 797 2955 la
818 2897 1037 2958 sustenaunee
1054 2893 1094 2957 de
1120 2897 1232 2958 nostre
1255 2895 1379 2968 meson,
1404 2895 1442 2954 et
1465 2888 1507 2952 da

447 3013 503 3057 eee
537 3015 576 3077 qo
600 2992 636 3076 ly
658 2996 766 3077 apent
812 2993 844 3056 A
868 2993 955 3058 Dieu
978 2995 1012 3080 qi
1035 3013 1117 3058 vous
1139 2992 1222 3078 gard
1245 2997 1280 3056 et
1302 2997 1410 3077 quant
1426 3011 1470 3076 qe
1484 3009 1505 3052 a

444 3117 526 3160 vous
548 3099 657 3181 spent.
703 3093 816 3160 Donez
838 3117 880 3160 en
899 3101 1011 3162 nostre
1035 3094 1201 3181 Chapitle,
1222 3095 1255 3161 le
1277 3095 1323 3182 xj.
1344 3095 1425 3180 jour
1457 3093 1500 3158 de

445 3197 643 3278 Novembre,
666 3197 722 3264 lan
744 3199 785 3263 de
807 3220 902 3286 grues
925 3197 1139 3266 alboenus.

449 3428 814 3436 -.-——-----

315 3618 402 3747 gapt.)
449 3609 725 3678 246.-er·rnna
747 3623 850 3673 mssa
876 3607 1004 3674 Parenr
1018 3609 1268 3676 Rormnsrnn
1290 3629 1496 3680 arrnorms-

277 3809 308 3858 L.
321 3808 368 3857 157
380 3823 406 3858 a.

663 3731 767 3779 rrorvr
790 3729 963 3779 seennsrn
986 3731 1033 3778 ns
1055 3711 1283 3780 Wnsrsnnsn

279 3943 335 3992 The
344 3939 418 3990 Prior
495 3879 563 3945 Suo
584 3901 671 3956 suus,
694 3879 835 3945 salutem
858 3900 958 3965 quam
988 3879 1059 3943 sibi.
1105 3878 1168 3945 Pro
1192 3881 1358 3948 laboribus
1380 3884 1495 3949 vestris

279 3984 591 4058 veromam-onerosis
622 3982 852 4049 favorabiliter
885 3981 1044 4067 impensis
1077 3982 1164 4048 eirea
1186 3984 1357 4070 negotium
1381 4008 1494 4074 appro-

280 4073 418 4192 iffiffl‘
446 4085 621 4171 priationis
644 4084 787 4150 ecelesiae
810 4083 851 4148 de
869 4081 1076 4148 Westerham
1099 4085 1194 4151 nobis
1216 4085 1375 4167 facienda,
1391 4096 1495 4175 grates

280 4209 420 4259 Roehester
447 4187 541 4252 vobis
575 4185 745 4252 referimus
777 4189 920 4270 quantas
954 4185 1111 4263 valemus,
1134 4209 1202 4253 nen
1233 4210 1316 4274 quas
1338 4195 1494 4270 tenemur,

280 4274 407 4406 ffiffi*
447 4291 527 4375 quia
561 4289 758 4374 condignam
797 4287 892 4352 vobis
930 4287 1038 4353 faeere
1072 4311 1139 4354 nen
1176 4312 1352 4376 possumus
1384 4315 1495 4380 repen·

282 4406 410 4461 Commta
447 4392 560 4457 sivam.
606 4391 660 4455 Ad
683 4395 828 4455 vestram
862 4390 966 4476 igitur
1000 4390 1270 4476 informationem
1307 4395 1495 4481 planiorem,

282 4489 381 4591 ffl}
387 4472 436 4589 ἔξω
447 4495 613 4560 mittimus
635 4494 740 4571 vebia,
762 4514 822 4578 per
844 4493 1025 4558 confratres
1052 4501 1182 4561 nestros
1204 4496 1256 4562 W.
1278 4498 1320 4562 de
1344 4497 1495 4564 Nervvioe

280 4608 393 4658 wfflter-
447 4605 481 4664 et
504 4598 664 4664 Thornam
688 4597 728 4662 de
763 4597 904 4673 Bourne,
928 4598 1141 4682 praesentium
1172 4601 1359 4685 portitores,
1374 4602 1498 4688 specifi-

280 4676 394 4803 ffiry)
446 4701 591 4766 cationes
613 4699 813 4786 pestilentiae
848 4698 1043 4764 animalium
1073 4706 1261 4767 nestrorum
1284 4709 1498 4784 mertuorum,

281 4807 326 4859 tha
336 4807 381 4856 list
392 4803 421 4856 of
445 4825 526 4890 quas
549 4802 738 4869 invenimus
753 4802 790 4867 in
811 4801 931 4868 rotulis
947 4802 1146 4870 annualibus
1169 4811 1405 4893 eempetorum,
1420 4827 1501 4896 prae·
