3309 5859
607 948 897 997 omrrmamusns.
1211 940 1272 1002 151
1321 953 1323 956 ·

226 1150 345 1233 aptant
366 1147 431 1213 sibi
454 1146 636 1233 superiores
670 1148 806 1214 auribus
828 1148 1023 1235 prurientes,
1046 1152 1082 1212 et
1104 1147 1166 1212 sub
1187 1156 1407 1212 6666111111.

223 1248 345 1317 fiducia
374 1250 538 1335 majorum
571 1272 592 1315 a
629 1249 836 1340 rectitudine
852 1250 934 1317 vitae
967 1251 1145 1317 declinant.
1191 1228 1347 1315 Ecce4’3·

220 1355 315 1436 pater
346 1351 531 1429 reverende,
569 1352 697 1417 virtute
735 1352 971 1417 commissionis
1016 1358 1135 1418 vestrae
1172 1351 1271 1417 michi

221 1476 326 1541 nuper
370 1454 579 1532 transmissae,
635 1478 694 1541 pro
755 1455 1037 1520 diffamationibus
1091 1455 1272 1520 Dominum

218 1564 367 1623 nostrum
405 1560 538 1645 Regem,
570 1564 605 1623 et
641 1578 709 1635 voe,
741 1580 780 1623 ac
818 1558 1010 1644 Capitulum
1048 1558 1270 1645 tangentibus

219 1658 368 1725 Fratrem
384 1661 566 1726 Robertum
582 1659 622 1725 de
637 1659 785 1724 Aledone
801 1660 954 1725 carcerali
969 1682 1077 1746 poenae
1091 1659 1270 1725 subeundae

217 1784 285 1828 non
309 1764 520 1841 decrevimus,
534 1768 635 1849 prout
655 1762 750 1827 vobis
764 1762 862 1828 tortis
877 1762 973 1829 labiis
988 1769 1038 1829 est
1060 1769 1270 1850 suggestum

218 1868 269 1929 set
292 1865 370 1950 quia
404 1865 570 1930 sententia
607 1863 954 1930 excommunicationis
985 1864 1117 1951 majoris
1148 1870 1199 1930 est
1229 1865 1268 1928 li-

219 1973 316 2053 gatus
341 1969 375 2054 (a
409 1989 475 2053 qua
496 1989 564 2033 non
601 1967 697 2054 petit,
735 1988 795 2033 nec
833 1972 936 2044 curat,
968 1967 1103 2045 absolvi,
1145 1972 1196 2032 661
1232 1967 1268 2031 in

219 2069 333 2134 eadem
379 2070 589 2157 pertinaciter
632 2073 822 2155 perseverat
860 2068 970 2133 animo
1015 2070 1185 2155 indurato)
1227 2069 1267 2134 de

218 2172 377 2236 unanimo
414 2170 549 2237 consilio
587 2176 621 2235 61
655 2190 815 2235 6611661166
853 2169 1011 2256 Capituli,
1045 2192 1066 2236 a
1102 2172 1268 2236 communi

216 2274 357 2340 fratrum
380 2274 542 2340 consortio
565 2279 745 2360 separatur,
756 2274 860 2359 juxta
881 2274 1053 2339 canonicas
1075 2276 1267 2351 sanctiones

215 2400 258 2443 116
280 2400 348 2443 una
370 2380 443 2444 ovis
464 2378 615 2443 morbida
630 2378 845 2443 commaculet
859 2381 967 2441 totum
982 2398 1121 2463 gregem.
1160 2378 1266 2443 Item:

216 2483 295 2567 quia
317 2483 426 2549 dictus
449 2480 614 2547 Robertus
630 2481 729 2545 l'alsas
752 2480 883 2545 litteras
904 2480 1088 2559 fabricavit,
1113 2485 1148 2545 et
1177 2481 1267 2567 sigil-

214 2585 284 2649 lum
323 2604 493 2650 commune
532 2582 725 2647 Conventus
764 2582 874 2647 dolose
912 2587 947 2645 61
983 2582 1135 2667 nequiter
1172 2605 1265 2647 usur-

214 2688 376 2771 pavitat
410 2686 532 2751 eisdem
555 2684 649 2749 falsis
684 2683 807 2749 litteris
841 2684 983 2749 scienter
1005 2685 1127 2770 apponi
1149 2706 1265 2770 procu-

213 2792 310 2867 ravit,
334 2790 368 2853 111
400 2790 582 2853 maximum
620 2788 801 2873 periculum
825 2786 977 2852 Ecclesia:
1008 2794 1043 2851 61
1065 2788 1264 2854 Conventus.

214 2893 319 2957 Item:
357 2892 436 2977 quia
470 2891 579 2956 dictus
612 2890 777 2956 Robertus
800 2890 883 2955 alias
906 2889 1004 2953 161666
1027 2890 1156 2955 litteras
1178 2912 1265 2955 com-

213 2994 334 3079 pilavit
357 3000 391 3058 et
413 2993 520 3057 multa
543 2990 654 3078 sigilla
685 2992 863 3075 incognita,
895 2991 1027 3055 nomine
1059 2992 1266 3075 quorundam

214 3097 353 3161 aliorum
391 3096 635 3171 monachorum,
670 3094 792 3158 eisdem
815 3094 939 3158 litteris
976 3093 1070 3159 falsis
1103 3097 1266 3181 apposuit,

213 3200 293 3285 ipsis
331 3197 562 3284 ignorantibus
609 3217 748 3281 quorum
771 3196 905 3261 nomine
942 3195 1133 3280 hujusmodi
1166 3198 1267 3262 falsas

212 3301 340 3367 litteras
383 3300 570 3377 fabricavit,
604 3298 640 3362 in
679 3298 873 3363 scandalum
912 3302 948 3363 et
984 3298 1156 3363 infamiam
1181 3300 1267 3364 mul-

212 3409 330 3469 torum.
376 3403 481 3468 Item:
513 3400 601 3486 quia,
634 3400 700 3465 cito
734 3406 911 3486 postquam
934 3422 1014 3465 vasa
1046 3406 1204 3487 argentea
1224 3401 1267 3466 de

212 3526 341 3571 camera
363 3504 485 3569 Prioris
519 3506 553 3567 61
591 3502 631 3567 de
666 3501 838 3567 refectorio
867 3507 1040 3567 noctanter
1077 3507 1112 3567 et
1142 3501 1266 3568 furtive

213 3631 320 3697 nuper
343 3608 473 3673 sublata
504 3606 650 3683 fuerunt,
674 3606 783 3670 dictus
808 3605 972 3670 Robertus
994 3606 1140 3672 ostendit
1162 3606 1265 3691 pluri-

213 3713 275 3778 bus
297 3712 443 3799 personis
466 3730 567 3775 uuam
602 3730 755 3795 magnam
794 3730 935 3773 massam
969 3708 1096 3773 metalli
1125 3707 1264 3794 argenti,

213 3820 248 3881 et
284 3815 393 3881 noluit
430 3812 568 3901 probare
606 3810 696 3896 quod
732 3810 923 3895 hujusmodi
955 3832 1097 3875 massam
1133 3812 1263 3898 argenti

212 3919 359 4007 legitime
381 3914 574 4002 adquisivit,
605 3934 666 3979 nec
688 3912 797 3979 voluit
818 3933 853 3977 se
875 3932 1016 3998 purgare
1037 3913 1125 3999 quod
1148 3915 1261 3979 eadem

213 4042 320 4086 massa
342 4020 473 4105 argenti
496 4018 539 4083 ad
573 4036 691 4081 manus
713 4036 789 4079 suas
823 4014 949 4101 injusto
971 4013 1071 4078 titulo
1097 4035 1165 4079 non
1187 4036 1261 4100 per·

211 4120 313 4188 venit.
344 4136 346 4142 ·
378 4120 482 4185 Item:
528 4117 614 4205 quia
654 4117 762 4182 dictus
796 4115 960 4180 Robertus
1004 4113 1114 4199 plures
1158 4113 1260 4181 libros

212 4223 324 4310 magni
347 4221 447 4309 pretii
484 4220 524 4287 (16
547 4219 685 4285 libraria
708 4217 913 4295 Conventus,
936 4221 972 4282 61
994 4236 1075 4295 vasa
1094 4223 1258 4303 argentea,

211 4333 246 4394 et
265 4327 331 4392 alia
354 4324 466 4412 magni
500 4321 599 4409 pretii
622 4322 663 4387 de
700 4321 875 4387 refectorio
912 4342 1018 4407 nuper
1040 4320 1156 4387 illicite
1178 4321 1258 4387 alie·

211 4431 314 4497 navit.
362 4428 470 4493 Item:
493 4426 580 4513 quia,
595 4426 682 4490 idem
707 4424 872 4489 Robertus
894 4424 992 4509 fingit
1013 4446 1048 4489 66
1070 4424 1260 4510 frequenter

210 4533 388 4607 infirmum,
422 4535 457 4595 et
486 4528 614 4595 callidis
652 4526 790 4593 cautelis
828 4531 864 4591 et
896 4526 1016 4590 dolosis
1053 4548 1127 4612 quae
1149 4550 1257 4593 aerem

209 4635 374 4709 inficiunt,
398 4632 503 4697 urinae
541 4652 609 4697 suae
643 4630 834 4695 cerevisiam
865 4629 1111 4707 commiscendo,
1134 4636 1175 4695 ut
1210 4633 1258 4698 sic

209 4736 352 4801 medicos
375 4740 409 4799 et
431 4734 513 4799 alios
534 4733 687 4819 decipiat,
709 4733 738 4797 si
772 4732 883 4819 possit,
921 4732 963 4798 dc
996 4731 1076 4819 friga
1112 4755 1173 4797 sua
1201 4757 1254 4801 ve·

208 4840 379 4905 hemcnter
408 4836 553 4903 timetur.
600 4836 644 4901 Et
678 4836 760 4913 ideo,
792 4834 833 4901 (16
871 4834 1007 4901 consilio
1044 4840 1079 4903 et
1122 4858 1256 4903 assensu
