3309 5859
544 899 835 955 carrummusus
1149 887 1214 953 507

118 1092 318 1164 Ecclesia
341 1093 561 1182 supradictam
583 1092 673 1180 quod
695 1090 791 1158 vobis
821 1090 975 1158 omnibus
996 1094 1111 1158 tenore
1132 1113 1216 1178 praa·

123 1197 308 1265 sentium
353 1198 546 1264 innotescat.
614 1193 657 1258 1n
696 1192 833 1262 Christo
878 1192 1021 1260 feliciter
1065 1194 1215 1261 valeatis.

124 1297 330 1386 Scriptum
362 1298 451 1385 apud
485 1295 652 1363 Mortelsk
674 1295 730 1361 die
752 1295 857 1380 xxiij0
891 1294 1013 1361 mensis
1036 1295 1215 1363 Octobris.'’

128 1398 233 1465 Hiis
270 1400 393 1465 litteris
426 1398 555 1475 vestris,
578 1395 730 1483 proximo
767 1395 821 1461 die
853 1403 930 1482 post
961 1417 1074 1463 eorum
1104 1419 1215 1486 racep-

129 1503 294 1579 tionem,
316 1503 354 1567 in
376 1499 534 1589 Oapitulo
555 1499 718 1586 perlectis,
733 1499 908 1565 turbatum
931 1505 1005 1566 eret
1026 1521 1082 1567 cor
1103 1522 1214 1567 meum

131 1625 213 1690 pro
251 1605 393 1672 clamore
430 1603 595 1679 Fratrum,
617 1601 799 1668 dicentium
837 1601 925 1688 quod
962 1623 1023 1688 pro
1048 1601 1213 1668 Obedien·

134 1705 267 1770 tiariis
301 1705 421 1771 vestris
452 1703 682 1790 praeficiendis,
705 1703 746 1768 de
780 1704 1020 1770 consuetudine
1052 1704 1212 1771 laudabili

140 1813 187 1873 et
210 1807 365 1894 antique,
386 1829 447 1895 per
468 1827 529 1871 vos
560 1805 622 1870 soli
656 1804 764 1871 Priori
796 1805 951 1872 Ecclesiae
982 1810 1103 1873 vestrae
1126 1805 1214 1874 Oan-

139 1910 334 1976 tuariensis
356 1931 426 1975 esse
457 1907 675 1984 scribendum,
699 1911 738 1973 ut
771 1908 843 1994 ipse
866 1907 1131 1974 Obedientiarios
1153 1932 1213 1996 per

142 2033 213 2078 vos
237 2016 426 2099 acceptatos
458 2010 656 2077 auctoritato
689 2012 802 2074 vestra
833 2010 965 2097 publice
996 2009 1146 2077 nominet
1175 2012 1213 2078 in

146 2115 323 2201 Capitulo.
380 2115 454 2181 Hac
488 2115 616 2180 ratione
650 2113 815 2180 excitatus
837 2118 873 2178 et
903 2113 1070 2193 inductus,
1092 2120 1212 2183 vestrae

147 2217 307 2304 supplico
339 2215 550 2294 Paternitati,
573 2214 732 2301 quatinus
755 2235 817 2300 pro
847 2213 1063 2299 praefectione
1085 2215 1212 2282 Fratris

148 2319 326 2386 Edmundi
348 2320 390 2384 de
412 2317 580 2384 Adesham
603 2317 640 2381 in
663 2315 955 2382 Poenitenticrium
984 2323 1133 2384 vestrum
1156 2319 1212 2385 lit

148 2425 243 2487 teras
279 2425 409 2487 vestras
441 2441 500 2506 per
533 2419 684 2505 bajulum
722 2419 938 2506 praesentium
970 2419 1070 2485 michi
1102 2425 1212 2488 trans-

150 2522 288 2588 mittere
326 2520 519 2608 dignemini,
537 2519 640 2606 juxta
677 2519 817 2584 formam
854 2521 1086 2606 praesentibus*
1108 2523 1210 2589 inter-

152 2622 287 2690 clusam.
342 2621 459 2700 Aliter,
480 2625 521 2686 ut
551 2619 715 2698 intellexi,
749 2620 882 2687 Fratres
916 2623 983 2687 mei
1013 2623 1210 2710 praedictum

153 2727 304 2794 Fratrem
351 2723 566 2790 Edmundum
612 2722 906 2790 Poenitentiarium
951 2730 1101 2793 vestrum
1145 2729 1211 2796 rite

155 2827 350 2916 preelectum
381 2827 519 2893 minime
557 2825 776 2912 reputabunt,
809 2846 872 2892 nec
907 2827 1008 2893 aliter
1043 2830 1210 2897 tumultus

155 2931 264 2998 inanis
301 2929 453 2998 clamoris
491 2932 526 2994 et
562 2928 703 2994 materia
740 2927 950 3008 turbationis,
980 2931 1018 2996 in
1048 2933 1209 3000 nichilum

155 3035 328 3122 redigetur.
375 3031 513 3099 Placeat
533 3030 628 3097 vobis
650 3031 722 3100 heac
743 3032 950 3099 considerare
971 3037 1007 3099 et
1027 3035 1209 3116 advertere,

157 3143 191 3205 et
227 3157 335 3224 preces
373 3149 463 3200 meas
500 3154 560 3221 pro
599 3134 711 3220 quiete
751 3133 885 3201 Sanctae
916 3134 1100 3222 Religionis
1133 3160 1211 3205 con-

157 3239 295 3307 fovenda
316 3237 491 3304 efficaciter
522 3236 690 3302 exaudire.
747 3235 826 3301 Non
858 3235 943 3303 latet
964 3259 1043 3303 vero
1065 3245 1209 3306 vestram

159 3342 392 3419 discretionem,
415 3339 504 3428 quod
538 3339 610 3404 sine
642 3338 755 3424 quiete
788 3339 912 3404 mentis
944 3344 1018 3405 tota
1037 3341 1209 3429 religionis

159 3443 284 3510 devotio
319 3441 509 3528 dissipetur.
563 3438 699 3526 Semper
734 3438 847 3505 valeat
879 3440 1079 3506 reverendus
1109 3441 1209 3509 Pater

160 3566 245 3612 meus
266 3545 301 3609 in
322 3544 469 3610 Auctore
491 3563 581 3608 verae
603 3542 701 3629 pacis.
747 3541 824 3608 Det
855 3541 1013 3608 Cantuer.
1036 3544 1130 3632 xxvj.
1153 3546 1206 3613 die

161 3646 303 3716 Octobris
326 3646 388 3711 sub
412 3645 520 3732 sigillo
542 3665 616 3711 meo
638 3644 780 3732 privato,
797 3645 877 3732 quia
897 3645 1066 3732 privatam
1088 3649 1207 3715 volun-

160 3755 255 3816 tatem
285 3769 393 3815 meam
427 3746 524 3813 vobis
562 3745 665 3814 michi
687 3767 796 3834 nuper
817 3748 1024 3836 praecepistis
1045 3751 1205 3818 secretius

162 3853 315 3919 intimare.

161 4144 418 4216 ltu-Lunum
441 4141 577 4208 Dounu
601 4141 746 4208 Smorrs
761 4141 1032 4208 Anournrrsoorr
1047 4159 1197 4213 nrsncrs
1237 4170 1270 4215 aa
1284 4169 1343 4220 oa.

300 4245 477 4312 Osrrruno
512 4259 623 4310 surus
656 4258 804 4321 ousnsu
837 4259 1107 4312 consumunmt
1129 4265 1195 4316 rur
1241 4233 1345 4296 (¹³³²)

302 4363 409 4414 rrsuar
431 4362 630 4412 vusnrosrs
652 4362 771 4423 cuosn
793 4362 879 4411 suos
896 4345 1313 4432 Oarmarrnmosnul.

301 4463 573 4525 ranrrcrnsnos,
618 4464 699 4524 cura
737 4464 968 4514 cessurusne
1005 4466 1197 4521 roratum

303 4567 410 4616 arran
434 4548 667 4616 Oouvmruu.

202 4719 316 4805 Symon
338 4713 560 4803 permissione,
576 4715 638 4780 etc.
661 4711 790 4780 dilectis
814 4715 849 4779 in
875 4713 1008 4782 Christo
1031 4716 1109 4784 filiis
1125 4720 1194 4786 Pri.
1208 4727 1365 4784 manech·

162 4822 203 4891 ori
221 4827 251 4888 et
270 4817 427 4907 Oapitulo
451 4816 604 4884 Ecclesiae
626 4821 749 4884 nostrae
772 4816 900 4884 Christi
933 4817 1193 4905 Oantuariensis,
1206 4797 1298 4863 ΜΡ
