3309 5859
286 1484 550 1596 urrann
610 1398 1191 1599 olnrunusnsus.

703 1720 877 1739 ιυυυνυυννυν

203 1924 428 1993 l.-L1rrnnn
466 1928 740 1993 Ascnrsnscon
778 1944 827 1993 an
865 1926 1074 1993 Girrrunun
1113 1927 1251 1993 Garro-
1269 1940 1296 1992 s.
1309 1947 1376 1993 ssa.

280 2045 428 2094 anrnnsu
450 2046 631 2097 munerun
654 2048 700 2096 ns
722 2031 974 2095 Psenrsunsro
997 2046 1168 2097 runcano.

245 2190 386 2259 Thomas
409 2196 621 2279 permissione
654 2196 769 2261 divina
800 2194 1049 2260 cantuariensis
1080 2195 1251 2280 Archiepi-
1268 2190 1398 2240 normula.

198 2314 322 2379 scopus,
354 2297 457 2361 totius
504 2298 631 2384 Anglise
666 2298 801 2375 Primos,
842 2303 877 2362 et
927 2296 1125 2383 Apostolicae
1158 2296 1253 2361 Sedis
1268 2280 1423 2397 fflffiih·

200 2396 350 2483 Lagatus,
374 2399 502 2465 dilectis
535 2402 571 2465 in
606 2399 740 2466 Christo
773 2399 852 2464 filiis
887 2399 994 2464 Priori
1027 2405 1062 2464 et
1092 2397 1251 2495 Capitulo
1268 2364 1408 2472 maiano,

201 2498 351 2567 Ecclesiae
383 2508 504 2569 nostrae
541 2503 807 2581 Cantuariensia
845 2502 997 2579 salutem,
1029 2502 1182 2587 gratiam,
1218 2509 1252 2567 et
1269 2482 1407 2597 {mm

201 2598 469 2667 benedictionem.
516 2604 622 2668 Breve
638 2603 764 2689 regium
780 2624 888 2687 nuper
908 2602 1094 2688 recepimus
1116 2602 1152 2666 in
1184 2601 1255 2667 haec
1269 2613 1351 2691 teutho

201 2702 321 2768 verba:
346 2704 537 2771 “Henricus
567 2706 630 2771 Dei
652 2707 761 2790 gratia
784 2705 857 2769 Rex
880 2704 1011 2790 Anglise
1049 2710 1084 2770 et
1106 2704 1224 2770 Franci
1271 2681 1362 2745 1<er

1226 2726 1254 2770 ω
1308 2745 1314 2757 .

241 2811 275 2869 et
309 2806 472 2873 Dominus
504 2807 686 2883 Hiberniae,
719 2807 903 2872 venerabili
935 2808 972 2871 in
1006 2805 1140 2873 Christo
1163 2806 1253 2893 patri
1269 2755 1426 2942 &diffie

202 2912 219 2937 ‘¹
243 2903 376 2973 Thomae
418 2909 532 2973 eadem
566 2909 675 2995 gratia
712 2908 971 2997 archiepiscopo
1010 2906 1253 2985 cantuariensi,
1268 2894 1367 3009 sonilly

200 3014 218 3039 ‘¹
242 3009 344 3075 totius
362 3010 494 3096 Angliae
512 3011 661 3088 Primati,
679 3010 828 3075 salutem.
876 3007 964 3088 Quia
984 3010 1026 3074 de
1048 3010 1253 3075 avisamento
1270 3014 1320 3061 πᾶ
1331 3013 1376 3061 the

202 3110 371 3175 “consilii
402 3112 516 3191 nostri,
538 3134 599 3198 pro
632 3112 828 3199 quibusdam
864 3111 976 3175 arduis
999 3117 1034 3176 et
1056 3111 1253 3197 urgentibus
1270 3078 1425 3211 fflffigy

202 3212 385 3298 “negotiis
422 3235 482 3281 nos
513 3220 643 3281 statum
681 3229 715 3279 et
753 3213 978 3279 defensionem
1015 3212 1109 3299 regni
1147 3215 1254 3279 nostri
1269 3212 1384 3276 hyproc-

203 3320 221 3347 “
243 3314 373 3401 Angliar
400 3322 435 3381 et
459 3316 613 3383 Ecclesiae
636 3316 831 3403 Anglicanee
854 3316 1136 3393 concernentibus,
1150 3316 1253 3401 quod·
1269 3276 1415 3408 {miii

203 3423 220 3450 “
243 3416 319 3482 dam
354 3418 615 3485 Parliamentum
649 3424 800 3484 nostrum
835 3418 925 3503 apud
960 3416 1133 3495 coventre,
1157 3419 1254 3504 quin·
1270 3408 1365 3526 Pilia·

202 3525 219 3551 “
243 3519 407 3585 todecimo
438 3522 493 3587 die
525 3520 699 3587 'Februarii
734 3520 888 3605 proximo
922 3520 1047 3597 futuro,
1071 3522 1178 3586 teneri
1201 3542 1253 3586 or·
1269 3492 1295 3527 m
1345 3513 1350 3525 '

202 3627 219 3653 “
244 3620 442 3699 dicavimus,
480 3629 515 3689 et
553 3622 676 3688 ibidem
728 3622 908 3701 vobiscum,
945 3644 984 3687 ac
1021 3644 1096 3687 cum
1119 3623 1254 3689 ceteris

203 3731 220 3757 “
243 3724 388 3809 praelatis
423 3726 635 3813 magnatibus
658 3731 692 3791 et
714 3726 903 3810 proceribus
926 3725 1008 3790 dicti
1030 3726 1125 3813 regni
1148 3727 1254 3791 nostri

203 3824 443 3912 “colloquium
477 3826 598 3893 habere
632 3833 666 3892 et
701 3828 1017 3906 tractatum,'vobis,
1052 3828 1089 3891 in
1121 3828 1185 3892 fide
1220 3833 1255 3892 et

203 3934 221 3961 “
244 3927 418 3995 dilectione
442 3931 562 4016 quibus
585 3930 680 3995 nobis
702 3929 872 4006 tenemini,
888 3929 1029 3995 firmiter
1050 3930 1254 4015 injungendo

204 4039 221 4065 “
244 4032 447 4110 mandamus,
482 4034 579 4118 quod,
603 4032 817 4099 consideretis
852 4032 1016 4098 dictorum
1046 4034 1253 4118 negotiorum

203 4134 411 4199 “arduitate
443 4141 479 4200 et
510 4135 664 4221 periculis
695 4134 957 4211 imminentibus,
995 4140 1143 4200 cessante
1175 4154 1255 4218 qua·

204 4242 384 4321 “cumque
416 4238 636 4314 excusatione,
658 4236 756 4300 dictis
791 4235 845 4299 die
880 4242 914 4300 et
936 4236 1006 4300 loco
1039 4235 1255 4320 personaliter

212 4345 220 4372 ‘
244 4337 406 4403 intersitis
427 4340 607 4417 nobiscum,
630 4360 668 4405 ac
702 4358 777 4405 cum
800 4338 918 4402 ceteris
947 4335 1095 4423 praelatis
1117 4358 1253 4423 magna

201 4446 218 4475 ⁴·
244 4441 334 4507 tibus
356 4447 390 4508 et
423 4444 612 4529 proceribus
645 4439 821 4529 praedictis,
846 4462 944 4527 super
976 4440 1074 4504 dictis
1112 4441 1254 4527 negotiis

205 4550 222 4577 “
246 4546 430 4622 tractaturi,
447 4552 659 4630 vestrumque
682 4543 856 4609 consilium
879 4542 1069 4629 impensuri.
1116 4541 1162 4607 Et
1183 4542 1254 4620 hoc,

203 4652 221 4679 “
245 4644 332 4710 sicut
362 4668 421 4711 nos
456 4653 491 4713 et
523 4646 681 4713 honorem
712 4649 874 4723 nostrum,
896 4664 936 4709 ac
969 4643 1188 4709 salvationem
1220 4648 1256 4708 et

204 4754 221 4781 ‘⁴
245 4745 468 4820 defensionem
491 4752 585 4837 regni
608 4754 643 4815 et
665 4746 818 4814 Ecclesiae
843 4746 1096 4833 praedictorum,
1121 4746 1256 4833 expedi-

206 4856 224 4882 “
249 4849 439 4937 tionemque
473 4852 637 4928 dictorum
658 4848 868 4937 negotiorum
891 4848 1041 4935 diligitis,
1065 4849 1269 4947 nullatenus·

306 4982 331 5031 U
364 4988 455 5033 arere.
524 4984 575 5035 wt.
590 4988 661 5035 1242.
1099 4978 1124 5027 Δ
