3309 5859
583 936 871 988 caurusmmsas.
1209 927 1251 989 83

201 1122 347 1186 manerio
370 1125 600 1198 existentibus,
618 1125 671 1190 vel
693 1126 736 1190 ad
753 1126 841 1190 idem
858 1125 1113 1210 pertinentibus.
1161 1124 1206 1188 Et
1222 1124 1251 1188 si

200 1224 373 1308 eontingat
395 1227 579 1311 predictum
602 1227 798 1303 «Iohannem,
814 1227 856 1291 de
873 1226 1044 1292 voluntate
1060 1232 1095 1291 et
1116 1247 1252 1292 assensu

202 1322 366 1391 dictorum
383 1330 504 1394 Prioris
520 1337 555 1395 et
578 1331 771 1396 Conventus
794 1336 829 1395 et
851 1352 910 1415 per
933 1329 1040 1394 visum
1064 1336 1099 1394 et
1121 1329 1252 1396 ordina·

203 1425 327 1492 tionem
351 1433 497 1497 custodis
520 1434 560 1498 de
584 1433 770 1519 Boekyngg
794 1434 853 1519 qui
876 1455 935 1518 pro
967 1439 1116 1520 tempore
1140 1432 1253 1508 fuerit,

203 1528 350 1614 aliquam
379 1556 500 1600 novam
532 1536 664 1600 domum
699 1536 805 1600 faeere
838 1536 873 1598 in
906 1537 1052 1600 manerio
1086 1535 1253 1621 praediolo,

205 1651 279 1714 qua·
302 1634 394 1718 prius
426 1637 549 1702 ibidem
574 1637 646 1701 fieri
678 1658 745 1701 non
778 1636 913 1712 solebat,
936 1644 1018 1702 tuno
1049 1659 1161 1702 omnes
1197 1659 1253 1701 ex·

112 1723 116 1730 ’
204 1753 315 1816 pensae
338 1759 406 1801 sure
429 1739 653 1816 rationabiles,
675 1761 758 1824 quas
780 1740 868 1806 eirca
896 1738 1088 1826 hujusmodi
1119 1739 1253 1804 domum

204 1839 367 1920 apposuit,
384 1840 419 1903 in
443 1840 607 1906 solutione
630 1843 733 1906 firmae
754 1842 899 1926 ejusdem
924 1842 1011 1919 anni,
1029 1865 1086 1928 per
1106 1843 1253 1906 testimo·

205 1938 298 2002 nium
323 1941 404 2007 dieti
434 1944 588 2020 custodis,
611 1944 841 2010 alloeabuntur
875 1945 990 2010 eidem.
1038 1944 1082 2010 Et
1114 1945 1142 2010 si
1177 1967 1255 2010 eon·

205 2041 316 2129 tingat
338 2045 465 2112 dietum
488 2046 675 2112 Jobannem
697 2047 733 2111 in
756 2047 921 2113 solutione
952 2047 1121 2134 praedictae
1152 2049 1255 2112 firmae

205 2142 248 2206 ad
271 2145 412 2230 aliquem
445 2149 624 2214 torminum
656 2150 691 2212 in
724 2155 795 2214 toto
827 2150 880 2214 vel
912 2151 948 2214 in
982 2155 1077 2236 parte
1109 2150 1246 2216 deficere

204 2245 288 2312 bene
309 2246 423 2314 licebit
446 2250 613 2335 praedietis
635 2251 738 2315 Priori
764 2259 798 2316 et
821 2253 1011 2317 Conventui
1035 2275 1092 2339 por
1115 2253 1256 2318 ballivos

204 2370 281 2417 suos
304 2351 480 2436 praefatum
503 2352 698 2429 Johannem,
719 2376 778 2439 per
800 2355 911 2419 omnia
934 2354 1020 2420 bona
1042 2375 1103 2419 sua
1120 2352 1257 2420 mobilia

204 2456 241 2517 et
274 2452 454 2520 immobilia
486 2456 522 2520 iu
559 2462 723 2542 potestate
761 2463 795 2522 et
828 2456 924 2522 feodo
956 2458 1169 2543 ipsammet
1199 2478 1256 2542 per

204 2553 286 2619 alios
309 2578 520 2643 quoscunque
551 2559 700 2635 ballivos,
725 2580 805 2644 quos
836 2559 879 2624 ad
911 2557 973 2624 hoe
1004 2558 1164 2622 duxerint
1198 2557 1256 2622 eli·

203 2657 338 2740 gendos,
361 2681 420 2745 per
457 2661 568 2726 omnia
606 2661 693 2726 bona
730 2661 810 2726 dieti
849 2659 1014 2726 lobannis
1052 2659 1187 2726 mobilia
1222 2662 1257 2724 et

204 2759 388 2826 immobilia
410 2761 491 2828 alibi
514 2763 702 2849 ubieunque
735 2765 883 2840 inventa,
906 2763 1104 2850 distringere
1138 2762 1256 2839 faeere,

206 2868 242 2925 et
286 2861 512 2932 destitutiones
556 2865 661 2932 saetas
698 2867 849 2941 retinere,
888 2887 1066 2951 quousque,
1105 2872 1175 2931 tam
1214 2866 1256 2928 de

206 2965 359 3052 dampnis
381 2967 505 3033 habitis
528 2976 563 3034 et
585 2969 738 3054 expensis
759 2968 856 3034 laetis
879 2990 978 3054 quam
1009 2968 1050 3033 de
1082 2967 1257 3054 principali

205 3069 327 3148 debito,
349 3094 408 3158 per
429 3072 603 3158 praefatum
630 3071 815 3137 Jobannem
840 3071 962 3136 eisdem
986 3071 1091 3136 Priori
1114 3077 1149 3136 et
1172 3072 1257 3138 Cou-

204 3175 321 3237 ventui
360 3175 504 3261 plenarie
546 3175 650 3240 fuerit
686 3175 900 3239 satisfactum.
962 3175 1134 3261 Completo
1180 3195 1258 3240 vero

205 3276 348 3340 termino
386 3279 488 3342 firmae
512 3278 687 3363 praedietae,
719 3276 915 3362 praedietum
954 3277 1146 3354 manerium,
1184 3299 1258 3344 oum

205 3378 360 3443 omnibus
381 3380 592 3465 pertiuentiis
614 3380 692 3454 suis,
713 3385 747 3444 et
770 3401 844 3445 eum
868 3384 941 3445 tote
964 3401 1061 3465 crepa
1084 3379 1259 3465 cujuslibet

205 3482 337 3568 generis
365 3482 462 3558 bladi,
487 3488 522 3548 et
552 3488 624 3548 toto
653 3504 791 3548 numero
821 3503 971 3547 aerarum
1011 3481 1258 3556 seminatarirm

204 3585 294 3650 sieut
316 3585 511 3670 praedictum
543 3591 593 3650 est
625 3586 661 3649 in
690 3585 838 3671 grangiis
870 3585 1101 3670 praedictorum
1137 3585 1260 3649 Prioris

207 3694 244 3753 et
276 3687 468 3753 Conventus
498 3688 642 3754 fideliter
674 3694 709 3754 et
747 3689 875 3774 integre
914 3689 1074 3774 repositis,
1099 3711 1136 3754 ae
1160 3689 1260 3754 etiarn

207 3798 318 3857 totum
361 3800 511 3857 staurum
550 3813 624 3857 cum
662 3813 799 3856 numero
844 3797 878 3855 et
918 3791 1025 3877 pretio
1068 3814 1169 3878 supra
1202 3814 1260 3880 ap·

207 3895 363 3982 preciato,
389 3896 431 3960 ad
458 3895 631 3982 praedictos
647 3893 793 3958 Priorem
810 3898 845 3957 et
869 3894 1079 3958 (laurentum
1103 3894 1205 3959 libero
1228 3899 1263 3958 et

206 3997 359 4064 absolute
390 4004 606 4063 revertentur.
653 3996 699 4060 Et
728 3998 757 4059 si
788 3996 963 4081 contingat
993 3997 1090 4081 quod,
1125 3997 1161 4059 in
1196 3997 1261 4062 fine

209 4100 320 4166 ultimi
359 4101 439 4166 anni
478 4100 647 4186 praedictae
681 4101 794 4176 firmae,
827 4121 894 4163 non
926 4099 1055 4164 fuerint
1094 4103 1146 4164 tot
1177 4121 1262 4165 acrae

206 4204 381 4270 seminatur
413 4204 453 4269 de
484 4203 634 4289 quolibet
659 4225 778 4289 genere
810 4201 901 4265 bladi
934 4200 970 4264 in
1000 4200 1090 4265 dieto
1113 4203 1262 4266 manerio

207 4309 298 4374 sicut
324 4307 518 4392 praedictum
550 4311 610 4382 est,
632 4311 712 4370 tunc
742 4305 902 4390 praelatus
940 4302 1114 4368 lohannes
1146 4288 1271 4369 reddet¹

207 4410 334 4477 eisdem
357 4409 462 4476 Priori
493 4414 528 4472 et
556 4407 754 4482 Conventui,
776 4407 810 4470 in
843 4405 931 4470 dieto
954 4405 1100 4471 manerio
1131 4427 1190 4470 suo
1207 4405 1263 4469 'de

209 4516 372 4599 Merseye,
395 4535 455 4599 pro
478 4511 627 4598 qualibet
648 4531 724 4576 aera
746 4495 910 4573 frumenti
930 4530 996 4573 non
1021 4510 1185 4574 sentinata
1207 4509 1264 4573 illo

207 4639 300 4684 anno
339 4637 441 4680 unum
480 4615 684 4700 quarterium
722 4613 900 4690 frumenti;
945 4617 979 4676 et
1017 4634 1077 4698 pro
1116 4611 1265 4697 qualibet

210 4751 289 4798 aera
305 4727 502 4794 rnixtiliouis
518 4751 548 4792 x.
565 4727 723 4792 bussollos
740 4725 957 4804 mixtilionis;
987 4732 1020 4790 et
1043 4747 1102 4811 pro
1118 4725 1266 4811 qualibet

1007 4883 1009 4888 .
1063 4845 1083 4893 r
1112 4834 1130 4893 2
