3309 5859
595 927 889 982 omrunmmsua
939 984 943 989 ,
1228 915 1250 985 7

196 1108 336 1176 scribere
358 1111 472 1178 velitis
494 1113 624 1181 intuitu
646 1115 796 1183 caritatis
819 1138 896 1183 cum
920 1116 1047 1184 effectu.
1096 1116 1249 1181 Vestram

196 1214 430 1299 paternitatem
463 1218 771 1285 reverendissimam
804 1227 980 1285 conservet
1010 1220 1048 1285 in
1080 1223 1247 1306 prosperis
1278 1284 1284 1300 ,

194 1314 298 1382 Filius
320 1316 468 1405 Virginis
489 1320 650 1406 gloriosa.
695 1322 764 1387 Dat
788 1320 884 1389 (lant
910 1327 970 1388 etc.

197 1591 423 1667 7.-L1rruns
437 1601 572 1669 Dorum
587 1604 858 1670 Aacumrrscoru
880 1621 1031 1670 utrumn
1046 1604 1246 1681 Surraroar,
1260 1607 1287 1659 S·
1302 1606 1381 1659 1⁷⁸d

305 1718 557 1771 uoc1rsrmuu
581 1706 742 1771 Faernus
764 1724 849 1773 suos
873 1699 991 1773 ouans
1014 1724 1245 1775 memnonos

304 1820 354 1871 uo
390 1825 655 1875 COMPARENDUM
691 1826 808 1875 courir
846 1827 891 1875 ao
930 1828 997 1876 rao
1044 1811 1246 1877 Enucrloun

307 1907 477 1996 [Pmoms]
500 1926 684 1977 rucruuon

240 2063 279 2142 J,
301 2066 515 2152 permissione
538 2066 654 2135 divina
677 2068 927 2135 Cautuarieusis
949 2066 1385 2156 archiepiscopusuomule·

197 2168 299 2233 totius
331 2169 464 2258 Angliae
497 2170 637 2251 Primae,
670 2178 704 2237 et
736 2172 936 2258 Apostolicao
969 2170 1066 2237 Sedis
1090 2164 1409 2283 Legfflussfflffih·

195 2269 313 2337 dilecto
348 2273 386 2339 in
428 2272 561 2339 Christo
598 2273 667 2339 filio
715 2274 891 2361 Suppriori
929 2274 1083 2339 Eccledae
1120 2280 1243 2341 nostrae
1254 2248 1377 2348 maine

195 2372 450 2454 centuariensis,
498 2375 652 2454 salutem,
697 2376 849 2463 gratiam,
887 2380 923 2440 et
969 2375 1242 2441 benedictionem.
1254 2364 1389 2483 {0⁰3⁶OE

193 2474 311 2562 Nuper
343 2479 437 2544 bonae
471 2479 635 2544 memoriae
658 2478 784 2556 Fratre]
808 2477 841 2544 J.
865 2477 912 2555 E,
935 2477 1055 2543 ultimo
1088 2477 1243 2545 Eccleaiae
1256 2499 1399 2549 sembleall

192 2580 368 2646 antedictae
402 2581 523 2659 Priore,
550 2587 650 2668 prout
682 2580 856 2647 Altissimo
889 2580 1024 2667 placuit,
1048 2580 1137 2645 viam
1169 2564 1400 2682 υηὶ-ζξθῗζθξὶ·

193 2698 295 2748 versae
329 2683 437 2749 caruis
460 2684 615 2769 ingresso,
639 2682 775 2769 ejusque
798 2682 905 2747 morte
928 2682 991 2747 sub
1012 2682 1122 2769 sigillo
1156 2697 1371 2765 com-minuay
1381 2706 1409 2749 to

191 2784 286 2849 muni
322 2785 421 2852 dictae
444 2784 598 2852 Ecclesiae
630 2790 753 2851 nostrae
787 2808 847 2872 per
876 2784 960 2850 duos
993 2785 1173 2851 confratres
1207 2766 1387 2881 affinis

191 2888 439 2955 commonachos
461 2889 566 2975 ipsius
612 2886 784 2968 Ecclesiae,
808 2892 911 2975 prout
933 2888 1035 2952 moris
1069 2893 1120 2953 est
1152 2890 1241 2954 anti·
1253 2897 1365 2963 chapter

191 2996 313 3081 quitus,
337 2994 432 3060 nohis
454 2994 665 3081 postmodum
687 2994 867 3077 intimata3
898 3016 937 3060 ac
971 3016 1032 3060 nos
1065 2998 1240 3083 propterea
1250 2966 1397 3097 322⁸&OE

190 3096 352 3175 volentes,
383 3102 483 3183 prout
519 3102 681 3173 tenemur,
715 3097 822 3163 eidem
858 3096 1014 3164 Ecclesiae
1044 3102 1168 3163 nostra
1198 3098 1355 3177 dormi

188 3200 310 3282 Priore,
322 3222 397 3267 cum
413 3200 582 3267 celeritate
598 3222 664 3287 qua
686 3222 870 3287 possumus,
894 3200 1039 3267 Domino
1062 3208 1238 3281 annuente,
1251 3166 1399 3284 {ffinffio}

189 3304 372 3390 providero,
395 3308 430 3369 et
463 3304 573 3390 ipsum
596 3304 762 3390 praeficere
794 3304 832 3368 in
866 3304 1000 3383 eadem;
1022 3304 1117 3369 vobis
1151 3327 1239 3371 com-

188 3408 354 3472 mittimus
377 3418 411 3472 et
433 3407 639 3483 mandamus,
662 3407 803 3473 firmiter
837 3406 1058 3493 injungentes,
1081 3407 1239 3492 quatinus

187 3531 301 3575 omnes
324 3514 359 3575 et
380 3508 526 3596 singrdos
549 3508 797 3575 commonachos
820 3514 855 3574 et
877 3508 1058 3593 confratres
1091 3509 1241 3596 ejusdem·

188 3611 351 3687 Ecclesiae,
378 3612 435 3697 qui
467 3610 504 3675 in
525 3610 739 3696 praefectione
756 3610 881 3677 Prioris
903 3610 1029 3677 habent
1051 3616 1085 3676 et
1107 3610 1237 3688 debent,

186 3714 228 3780 de
259 3713 494 3780 consuetudine
529 3713 582 3779 vel
615 3714 655 3778 de
681 3714 769 3800 jure,
800 3714 966 3792 interesse,
999 3716 1238 3800 praemuniatis,

185 3838 245 3882 seu
267 3814 459 3903 praemuniri
483 3814 623 3893 faciatis,
640 3815 730 3901 quod
752 3816 822 3880 sint
844 3822 879 3881 et
894 3822 1106 3903 compareant
1128 3839 1236 3883 coram

179 3920 281 3985 'nobis
303 3918 340 3982 in
362 3916 458 3982 domo
480 3920 594 3981 nostra
616 3917 792 4003 capitulari
818 3916 1053 3983 cantuariensi
1078 3919 1237 3985 —die

185 4022 307 4087 mensis
329 4017 601 4097 --·-,videlicet,
617 4019 653 4083 in
675 4018 761 4085 festo
784 4056 882 4096 ·--,
899 4025 981 4085 vota
1003 4018 1086 4084 sual
1109 4041 1236 4085 eorum-
1307 4101 1311 4109 ⁸

185 4146 249 4211 que
283 4122 457 4189 consilium
494 4142 592 4207 super
629 4120 840 4206 praefectione
878 4120 1001 4186 Prioris
1034 4121 1235 4207 hujusmodi,

184 4227 365 4295 secundum
396 4226 568 4310 antiquam
603 4224 756 4291 Ecclesiae
798 4229 921 4290 nostrae
953 4225 1236 4305 consuetudinem,

184 4329 366 4399 exhibituri
389 4334 424 4394 et
456 4327 587 4405 dicturi,
609 4326 795 4413 iactarique
818 4326 960 4391 ulterius
993 4332 1029 4393 et
1060 4329 1236 4414 recepturi,

183 4456 259 4502 cum
282 4430 530 4499 continuatione
552 4438 588 4495 et
603 4430 835 4517 prorogatione
858 4429 987 4494 dierum
1001 4436 1083 4496 tunc
1097 4452 1236 4517 sequen-

131 4566 135 4573 *
182 4536 279 4615 tium,
302 4532 390 4621 quod
409 4532 545 4619 justitia
567 4532 730 4597 suadebit.
789 4530 834 4596 Et
865 4532 947 4618 quid
978 4533 1013 4597 in
1047 4533 1109 4600 hac
1139 4539 1234 4621 parte

182 4639 327 4707 feceritis
371 4657 441 4714 nos,
472 4657 613 4701 unacum
659 4636 850 4701 nominibus
893 4629 966 4700 'etz
985 4636 1233 4723 cognominibus

523 4868 668 4921 1εοὶαειιιι
692 4890 714 4913 =
732 4867 890 4922 theirvotes.
