3309 5859
500 935 502 938 -
534 914 824 967 eauruanrsusus.
1140 906 1203 969 421

129 1100 275 1179 Easten
301 1102 412 1166 which
438 1102 524 1167 have
550 1103 635 1168 boen
660 1102 803 1189 charged
828 1125 919 1188 upon
935 1104 1027 1168 them
1055 1105 1101 1190 by
1124 1127 1204 1189 you,

130 1204 228 1267 then
245 1203 340 1269 leave
367 1204 459 1270 them
481 1206 517 1268 in
543 1227 652 1291 peace,
675 1206 742 1269 and
757 1206 857 1269 remit
881 1205 938 1271 the
954 1210 1012 1270 ten
1027 1205 1203 1292 shillings;

131 1304 207 1368 but
223 1305 255 1369 if
269 1310 338 1382 not,
353 1328 450 1372 cause
464 1306 523 1371 the
539 1306 648 1371 whole
664 1306 703 1371 of
714 1306 772 1371 the
788 1327 909 1391 money
924 1310 960 1370 to
988 1307 1028 1373 be
1043 1308 1201 1393 gethered

135 1406 294 1471 without
309 1407 462 1493 showing
477 1408 607 1473 further
622 1408 760 1485 favour3
784 1408 837 1472 for
852 1407 999 1493 theyare
1014 1408 1137 1493 asking
1150 1408 1202 1473 for

133 1530 160 1571 a
192 1508 320 1594 respite
344 1509 395 1573 for
425 1509 483 1573 the
514 1509 621 1574 whole
648 1532 722 1573 sum
746 1508 837 1573 until
863 1507 1077 1574 Michaelmas
1108 1515 1199 1575 next.

134 1610 224 1675 And
240 1610 288 1675 let
304 1632 341 1674 us
357 1610 459 1676 know
473 1610 567 1676 what
581 1612 610 1675 is
627 1611 712 1677 done
727 1611 830 1675 about
839 1610 908 1674 this
918 1609 1068 1677 business
1083 1610 1199 1697 hythe

135 1710 219 1775 first
235 1733 354 1797 person
369 1710 446 1777 who
461 1734 571 1778 eomes
586 1711 656 1776 this
673 1733 757 1797 way.
802 1711 923 1791 Adieu‚
939 1716 999 1776 etc.

143 1921 415 1933 -ἠ

136 2061 306 2147 ampliari,
322 2062 390 2146 qui,
405 2061 446 2126 de
468 2061 708 2126 consuetudine
725 2060 881 2127 Ecclesiae
896 2066 1018 2127 vestrae
1034 2060 1199 2127 Cantuar-

139 2163 243 2227 iensis
258 2184 326 2226 non
341 2167 482 2247 possunt
496 2162 655 2247 epistolas
670 2162 707 2225 in
722 2161 822 2226 choro
838 2161 956 2247 legere,
972 2183 1032 2225 nec
1047 2162 1084 2225 in
1098 2162 1197 2227 alteri

137 2265 334 2328 ministrare
378 2263 445 2327 nisi
490 2263 640 2327 ordinem
679 2263 867 2348 roceperint
907 2263 1196 2347 subdyaconalem.

136 2364 261 2431 Valeat
298 2370 334 2430 et
371 2386 525 2450 prospere
564 2364 679 2449 vigeat
716 2362 883 2427 Dominus
918 2385 1011 2428 meus
1043 2369 1140 2450 pater
1161 2370 1196 2431 ot

135 2473 260 2553 pastor.
306 2466 558 2551 Beueplacitum
581 2471 732 2530 vestrum
756 2486 856 2550 super
886 2464 952 2529 hiis
976 2470 1010 2530 et
1032 2465 1116 2543 aliis,
1139 2489 1198 2553 per

135 2570 288 2655 bajulum
305 2568 529 2654 presentium,
546 2568 731 2653 dignemini
746 2567 925 2633 rescribere
947 2566 1050 2632 michi
1074 2574 1195 2634 vestre.

139 2672 228 2749 Dat,
251 2676 330 2736 ete*

138 2984 413 3049 lta-Limusa
446 2997 626 3046 nuruum
664 2980 809 3047 Douruo
843 2982 1016 3048 Errsooeo
1056 2982 1192 3049 Coeun—
1243 2996 1320 3055 (nee.

293 3102 421 3162 vruusr,
445 3101 491 3150 ur
513 3101 580 3148 uos
603 3100 804 3148 osnmrrcur
827 3102 858 3148 sr
883 3100 1021 3149 nauum
1044 3101 1191 3149 cousus·
1240 3064 1327 3121 ¹³³¹·)

293 3204 422 3252 srouuu
444 3203 493 3249 au
515 3201 774 3251 euuuaaaunuu
805 3202 956 3250 onumas
980 3204 1018 3251 ru
1043 3176 1311 3252 nrurcus1L·¹³l·

293 3288 471 3354 Casuum.

184 3454 331 3519 Salutem
369 3474 444 3517 eum
488 3451 676 3517 reverentia
714 3456 750 3516 et
793 3450 927 3517 honore.
988 3452 1187 3537 Scripsimus
1201 3472 1365 3539 Tuessishop

139 3556 277 3621 Domino
301 3554 546 3631 Cantuariensi,
561 3553 650 3639 quod
673 3553 768 3617 robis
790 3553 863 3639 ipse
886 3554 1075 3619 committat
1098 3555 1186 3620 vices
1199 3540 1364 3658 ffiffifli'fiss

138 3681 210 3723 suas
232 3659 274 3722 ad
308 3656 540 3723 celebrandum
564 3656 696 3720 ordines
718 3656 755 3719 in
778 3654 926 3721 Ecclesia
955 3677 1016 3721 sua
1039 3655 1186 3722 Cantua·
1199 3673 1232 3723 he
1246 3674 1293 3749 has
1305 3682 1350 3739 yet

139 3761 234 3826 riensi
257 3761 293 3825 iu
326 3759 469 3824 instanti
500 3759 586 3823 festo
617 3763 761 3842 quatuor
788 3763 992 3844 temporum,
1017 3759 1182 3837 videlieet,
1197 3742 1335 3856 {fiffffi

139 3863 190 3927 die
222 3862 336 3928 Sancti
370 3861 505 3933 Thomae
543 3859 697 3946 Apostoli
730 3860 882 3945 proxime
916 3866 1069 3937 venturo,
1092 3865 1126 3925 et
1156 3862 1311 3947 sibimop’r

139 3964 323 4049 hujusmodi
360 3963 622 4029 commissionem
661 3960 823 4039 habeatis,
862 3962 916 4026 vel
955 3983 1031 4027 cum
1077 3962 1184 4047 ipsam
1197 3952 1316 4053 ξξᾞῗζξ

138 4066 323 4144 habueritis
355 4087 416 4151 per
447 4065 579 4129 litteras
613 4069 742 4127 vestras
779 4063 875 4128 nobis
899 4068 969 4129 tarn
994 4064 1061 4129 cito
1084 4085 1183 4149 quam
1197 4068 1345 4137 confsrnng

140 4168 299 4235 commode
337 4166 493 4253 poteritis
530 4165 660 4251 placeat
698 4165 913 4231 innotescere.
992 4165 1112 4231 Valeat
1149 4134 1259 4234 et¹²⁰ly

140 4270 245 4355 vigeat
281 4278 396 4333 vestra
442 4266 627 4332 reverenda
664 4267 851 4351 paternitas
888 4268 925 4331 in
963 4268 1184 4354 prosperitate

137 4376 225 4441 scliei.
271 4374 308 4439 Si
332 4374 486 4439 habeatis
501 4372 697 4458 praedictam
713 4374 986 4453 commissionem,
1003 4375 1031 4438 si
1048 4374 1186 4459 placeat,

139 4477 314 4563 injungatis
348 4477 449 4542 latori
483 4476 698 4562 praesentium
737 4498 780 4539 ex
818 4482 912 4561 parte
949 4480 1065 4543 nostra
1096 4481 1187 4564 quod

138 4583 201 4665 ipse
220 4602 287 4644 non
309 4580 414 4645 vadat
448 4579 491 4644 ad
526 4578 656 4649 dietum
681 4577 875 4657 ‚Dominum
900 4578 1185 4655 Cantuarienscm.

141 4684 217 4759 Dat,
239 4688 301 4753 etc,
1191 4706 1193 4713 ·
