3309 5859
515 953 806 1006 csururnmusns.
1136 939 1178 1003 ts

125 1144 226 1210 many
241 1125 353 1200 others
367 1125 445 1192 who
467 1127 676 1215 continually
691 1148 783 1193 come
799 1128 867 1194 and
882 1149 924 1214 go
948 1127 994 1214 by
1008 1148 1071 1192 our
1085 1149 1182 1214 way;

125 1248 175 1294 we
190 1226 292 1314 being
313 1249 403 1294 more
425 1228 510 1295 than
531 1251 600 1313 any
615 1250 660 1294 on
683 1229 777 1296 carth
802 1229 936 1314 exaotly
952 1249 995 1294 on
1018 1227 1076 1293 the
1098 1227 1181 1316 high

125 1329 206 1418 10111
220 1335 258 1395 at
272 1329 330 1394 the
346 1331 445 1416 point
459 1331 496 1396 oi
518 1337 618 1417 entry
633 1337 677 1408 to,
693 1332 760 1396 and
783 1332 962 1419 departure
985 1331 1078 1410 from,
1093 1353 1181 1418 your

123 1431 237 1496 resim.
283 1431 358 1498 uod
380 1433 423 1497 be
446 1433 532 1498 with
560 1454 637 1518 you,
654 1433 736 1512 Sire,
752 1433 820 1499 and
844 1433 929 1519 keep
951 1455 1020 1519 you
1044 1434 1109 1498 and
1134 1433 1180 1498 all

123 1532 305 1622 belonging
327 1540 362 1598 to
385 1557 461 1621 you
523 1534 633 1602 Given
655 1536 692 1600 in
715 1558 778 1600 our
802 1536 950 1624 Chapter
973 1536 1098 1613 House,
1121 1535 1179 1605 tho

126 1639 169 1704 23
184 1636 253 1723 dsy
267 1636 307 1702 01
317 1637 398 1723 May
414 1637 451 1702 in
466 1637 525 1704 the
540 1659 621 1725 year
638 1641 735 1704 1318.

124 2173 357 2240 executoribus
379 2193 502 2237 cxxxv.
514 2169 553 2236 lo'.
569 2172 613 2236 ix.
626 2193 650 2236 s.
663 2193 688 2257 J
698 2171 729 2236 ct.
747 2171 889 2238 obolum.
938 2171 1025 2237 Item
1041 2194 1102 2259 pro
1126 2173 1180 2237 de-

124 2275 272 2342 fectibus
305 2274 502 2340 animalium
537 2279 573 2339 et
606 2274 747 2338 instanti
770 2295 844 2359 quas
868 2274 1033 2340 debebant
1055 2297 1182 2340 reman-

124 2381 207 2445 sisse
230 2380 267 2444 in
289 2379 447 2444 maneriis
481 2378 572 2442 ultra
602 2398 701 2463 quam
737 2383 947 2456 remanserat,
978 2383 1012 2444 et
1042 2399 1104 2464 pro
1126 2379 1182 2444 de·

124 2484 259 2549 biIitste
289 2482 485 2548 animalium
507 2481 751 2546 remanentium
786 2481 866 2566 quio
895 2483 1016 2548 modIci
1039 2483 1182 2561 valoris3

123 2586 344 2671 quiquidem
384 2583 534 2650 defectus
568 2581 837 2660 inveniebantur,
859 2604 919 2669 per
953 2585 1180 2650 testimonium

123 2689 283 2776 legalium
305 2688 453 2753 virorum
487 2691 523 2751 et
555 2692 799 2752 sacramentum
831 2687 1048 2754 servientium
1070 2709 1180 2752 mane·

122 2833 251 2895 riorum
289 2787 365 2913 ciiij.
381 2826 417 2892 li.
480 2827 567 2891 Item
604 2826 692 2912 petit
729 2847 790 2912 pro
836 2827 979 2893 denariis
1025 2828 1180 2914 obligatis

122 2934 287 3020 Episcopo
325 2929 542 2996 Ooventrensi
573 2934 615 2994 et
653 2927 886 3014 Lyohfeldensi
923 2951 983 3015 pro
1022 2930 1180 2996 defuncto

122 3037 217 3102 xiii.
262 3036 349 3101 Item
370 3055 430 3121 pro
453 3033 606 3120 expensis
621 3033 721 3099 iactis
744 3034 830 3099 cirea
853 3032 953 3100 bleda
968 3035 1114 3100 balliviae
1139 3037 1179 3100 de

122 3140 305 3226 Croynden
337 3137 501 3214 metenda,
523 3157 599 3221 quae
625 3136 759 3222 quidem
783 3137 884 3202 blada
908 3138 1020 3202 minus
1043 3139 1180 3204 valebat

122 3267 226 3332 quam
248 3244 393 3330 pretium
416 3263 576 3319 acrarum,
600 3241 688 3328 quod
721 3239 858 3327 quidem
890 3244 1035 3328 pretium
1058 3242 1179 3308 Archi-

121 3352 297 3439 episcopus
329 3347 431 3412 solvit
464 3368 523 3433 per
554 3345 808 3411 conventionem
843 3345 961 3430 lvijii.
997 3347 1041 3411 ix.
1056 3369 1079 3412 s.
1105 3345 1178 3412 1.(1.

123 3456 213 3520 Item
236 3473 295 3538 pro
319 3449 462 3516 denariis
492 3470 575 3534 quos
606 3448 706 3514 solvit
730 3449 961 3513 executoribus
985 3471 1053 3536 pree
1076 3449 1181 3514 mani·

122 3558 187 3624 bus
220 3555 277 3640 vij.
290 3553 326 3620 lo‘.
349 3575 417 3620 x.s.
463 3551 551 3616 Item
582 3551 670 3638 petit
700 3549 933 3617 collocationem
952 3581 953 3586 ¹
970 3552 1179 3618 denariorum

122 3683 208 3748 quos
231 3657 384 3723 dominus
406 3655 481 3720 Rex
513 3655 575 3719 sibi
599 3655 762 3720 concessit
792 3655 833 3720 de
856 3656 1012 3721 evasione
1038 3656 1179 3720 duorum

121 3763 343 3851 fugitivorum
377 3759 435 3845 qui
469 3763 647 3824 evaserunt
679 3759 719 3822 de
743 3757 895 3823 custodia
930 3759 1179 3846 praedecessoris

124 3867 178 3934 sui
201 3889 234 3931 x,
248 3863 286 3930 lo.

238 3968 376 4034 Summa
398 3964 512 4031 totalis
534 3963 707 4030 rruxxxli.
729 3963 809 4049 xj.e.
835 3963 866 4049 ij.
879 3963 910 4030 ci.
936 3964 1059 4030 obolus.

169 4073 217 4139 Et
248 4070 496 4138 memorandum
531 4068 627 4155 quod,
652 4067 794 4133 allocsta
826 4066 1083 4153 archiepiscopo
1115 4069 1181 4134 ista

122 4198 258 4242 summa
288 4173 352 4239 sibi
386 4170 568 4249 allocanda,
591 4175 726 4236 tenetur
748 4167 857 4235 adhuc
892 4170 1122 4236 executoribus
1145 4170 1180 4236 in

123 4278 205 4404 eiij.
228 4313 313 4402 eju.
336 4313 464 4400 xvirjo.
488 4311 567 4397 111
591 4311 694 4377 obolo.

167 4421 432 4505 Vemmptamen
454 4415 569 4546 11ίοῡυῖ
587 4413 863 4501 Archiepiseopus
880 4413 977 4478 offert
992 4413 1180 4480 satisfacere

124 4561 226 4629 dictis
241 4556 473 4626 executoribus
489 4556 575 4621 dev.
592 4555 711 4621 marcis
734 4576 794 4641 pro
817 4555 971 4621 omnibus
994 4555 1181 4622 actionibus

123 4663 289 4732 sedandis.
336 4659 457 4726 Postea
479 4658 515 4722 in
536 4656 705 4744 quindena
725 4655 860 4734 Pascha,
877 4655 913 4719 in
928 4655 1016 4720 festo
1038 4656 1180 4744 Aposto-

122 4771 231 4836 lorum
265 4763 411 4849 Philippi
434 4765 469 4826 et
502 4759 629 4836 Jaoobi‚
651 4759 733 4825 dicti
767 4765 957 4824 executores
988 4757 1181 4826 obtulerunt

121 4871 270 4938 Domino
292 4865 549 4951 Arobiepiscopo
583 4880 669 4928 occo
694 4883 823 4928 marces
855 4884 915 4949 pro
948 4862 1100 4948 dampnis
1123 4864 1180 4930 do-
