3309 5859
557 926 849 981 clarummane.
1161 914 1224 978 195

178 1104 304 1190 (suen
319 1103 393 1172 ooo
406 1104 534 1191 rebla)
547 1105 630 1172 sun
644 1125 668 1170 a
681 1125 755 1174 ase
771 1052 947 1191 supponas
975 1106 1011 1170 ιο
1026 1123 1092 1189 any
1110 1101 1147 1168 or
1170 1123 1232 1168 our

180 1206 339 1274 bretbren
362 1227 400 1274 or
420 1207 458 1274 oi
484 1227 545 1274 our
569 1207 667 1275 other
689 1206 824 1274 friends.
870 1203 961 1271 Send
986 1208 1024 1271 to
1048 1225 1088 1270 us
1110 1203 1142 1269 if
1163 1223 1231 1289 you

179 1308 292 1394 please
316 1329 403 1396 your
424 1308 609 1376 intentione
631 1309 735 1376 about
749 1307 819 1372 tbis
843 1309 967 1376 mutter
981 1305 1029 1392 by
1043 1303 1102 1372 tbe
1117 1304 1232 1371 bearer

182 1410 222 1477 of
230 1409 300 1476 this
314 1410 423 1481 letter.
469 1411 542 1501 God
557 1411 599 1477 be
621 1410 706 1478 with
720 1431 800 1496 yon,
815 1409 883 1476 and
896 1408 984 1496 keep
1009 1429 1077 1494 you
1093 1406 1160 1475 and
1186 1405 1232 1474 all

182 1511 361 1600 belonging
382 1515 420 1578 to
442 1533 519 1599 you.
564 1511 674 1579 Given
696 1517 734 1579 at
749 1509 969 1597 Canterbnry,
985 1509 1043 1576 the
1060 1509 1143 1578 19th
1165 1510 1232 1596 day

182 1613 221 1681 of
229 1612 435 1702 September,
448 1614 487 1680 in
499 1613 559 1680 the
573 1635 655 1700 year
669 1613 707 1682 oi
721 1634 818 1703 grace
838 1615 936 1682 1326.
990 1611 993 1618 '

207 1987 211 1991 ‚
285 1945 499 2014 191.-Irnu
519 1963 602 2012 ms
624 1963 736 2014 surra
757 1963 877 2012 mnnu
899 1959 1142 2014 consummo.
1279 1937 1366 2068 {3233

228 2105 329 2174 Salus
364 2107 411 2174 sit
448 2112 484 2174 et
519 2107 677 2176 solatium
713 2108 868 2176 salutato.
926 2106 1020 2176 Siout
1051 2108 1276 2176 sucasiven.
1287 2125 1368 2174 reos.

184 2207 301 2274 uescit
322 2212 356 2274 et
378 2208 537 2277 decrescit
558 2210 665 2275 omnis
686 2214 846 2288 creatura,
862 2210 912 2277 its
933 2208 1059 2296 panae
1048 2229 1102 2276 ιιι
1116 2210 1233 2276 volun·
1246 2259 1301 2310 rh
1313 2259 1387 2310 rnor

185 2315 237 2378 tae
257 2309 403 2376 hominis
426 2311 624 2398 quandoque
646 2316 817 2391 mutatur-3
850 2318 887 2377 et
908 2312 983 2378 ideo
1004 2333 1064 2400 pro
1086 2311 1346 2442 quolibetanpiseep

185 2411 270 2477 fletu
290 2433 360 2480 non
391 2418 442 2479 est
473 2433 555 2501 opus
586 2413 711 2479 bouum
734 2417 770 2481 et
795 2414 1017 2481 necessarium
1039 2413 1158 2480 leviter
1181 2394 1299 2478 de·and
1245 2407 1379 2510 rossum·

188 2511 405 2593 serendum,
388 2516 469 2602 quia
490 2515 588 2604 plura
609 2515 695 2582 solet
714 2516 904 2603 frequenter
919 2515 1034 2583 elicere
1055 2537 1300 2640 paucorumbe
1247 2525 1329 2574 Arch-

186 2617 373 2703 peteutium
404 2618 642 2704 importunitas
673 2637 773 2703 quam
799 2617 981 2683 multorum
1015 2591 1319 2704 pusillanimi·bullo
1247 2607 1360 2708 theopo
1320 2605 1383 2656 {²0¹¹

186 2724 240 2784 tas
254 2723 457 2805 extorquere.
496 2719 714 2787 Proelatorum
729 2719 894 2806 siquidem
917 2723 977 2798 est,
991 2740 1061 2785 non
1082 2720 1273 2788 obstanteie
1274 2731 1300 2774 οἱ
1311 2721 1394 2773 olthe

180 2824 351 2908 praesepto
372 2821 536 2887 contrario
558 2823 801 2908 cujuscumque,
823 2821 1009 2908 pacificos
999 2841 1036 2886 m
1058 2842 1138 2908 pace
1160 2841 1298 2907 oon-cn,
1247 2803 1298 2870 ⁹⁰}
1280 2789 1360 2906 lupen

186 2924 284 2989 tinua
316 2923 465 3001 solidare
497 2928 533 2990 et
566 2923 801 3005 discordantes,
823 2921 1026 2990 inhibitione
1056 2923 1151 2990 nulla
1187 2943 1237 2988 re·

185 3027 333 3104 sistente,
370 3026 414 3092 ad
451 3025 654 3092 concordiam
690 3025 774 3091 totis
810 3024 938 3090 viribus
969 3045 1142 3105 revocare3
1178 3047 1239 3092 neo

188 3128 339 3194 debitum
374 3127 517 3194 officium
553 3129 766 3214 praelalorum
804 3128 847 3193 de
879 3127 1019 3195 arbitrio
1050 3127 1158 3194 alieno
1181 3128 1238 3193 de·

187 3231 319 3317 pendet
362 3229 588 3296 Consideratis
610 3230 717 3318 igitur
738 3229 894 3316 periculis
917 3229 1116 3309 animarum,
1131 3229 1237 3295 homi-

186 3331 293 3408 cidiis,
325 3351 364 3396 ιο
401 3331 668 3398 mutilationibus
705 3331 936 3409 membrorum,
968 3331 1138 3417 totiusque
1174 3331 1238 3396 rei·

190 3433 332 3521 publicae
380 3453 420 3499 ac
473 3432 651 3519 cujuslibet
699 3434 748 3499 rei
794 3433 936 3519 privatae
991 3433 1238 3520 irrecuperabili

184 3538 326 3623 jactura,
341 3555 424 3621 quae,
440 3555 484 3599 ex
505 3535 694 3602 imminenti
716 3536 945 3623 congressione
966 3535 1110 3601 terribili
1131 3557 1238 3604 arma·

188 3645 301 3713 torum
322 3658 396 3724 quae
410 3638 557 3716 timetur,
572 3643 730 3724 poterunt
752 3639 893 3718 evenire,
909 3639 1046 3726 expedit
1068 3640 1157 3726 quod
1179 3661 1238 3706 vos

188 3746 225 3808 et
256 3739 316 3806 alii
348 3738 489 3826 praelati,
512 3761 653 3826 quorum
675 3741 830 3808 manibus
851 3741 996 3829 'sanguis
1029 3741 1238 3808 subditorum

187 3845 227 3908 in
248 3840 400 3908 districto
421 3842 574 3908 examine
595 3842 791 3928 requiretur,
806 3841 951 3910 officium
971 3844 1137 3930 pastorale
1158 3843 1239 3908 viri·

192 3943 271 4009 liter
293 3940 516 4030 exequamini,
547 3965 615 4012 non
638 3967 682 4010 ex
703 3949 797 4032 perte
819 3942 958 4011 Domini
980 3945 1080 4034 Regis
1103 3946 1157 4012 vel
1178 3967 1239 4012 suo

189 4048 334 4128 nomine,
348 4049 405 4115 sed
428 4071 471 4115 ex
492 4072 585 4117 mero
607 4049 713 4120 officio
727 4050 848 4117 vestris
862 4049 1022 4118 lateribus
1037 4052 1240 4133 inhaerente;

182 4149 370 4218 ‚Dominam
392 4151 564 4237 Reginam,
586 4151 692 4220 modis
715 4153 836 4219 debitis
871 4156 906 4218 et
938 4153 1096 4235 honestis,
1119 4153 1241 4221 sollici·

190 4259 303 4320 tantes
340 4259 375 4320 et
412 4254 585 4322 efficaciter
620 4257 825 4337 inducentes,
859 4256 949 4343 quod
979 4257 1023 4323 ad
1059 4257 1240 4326 Dominum

191 4359 343 4419 nostrum
380 4355 513 4441 Regem,
551 4356 613 4421 sub
650 4357 743 4423 salvo
778 4356 946 4423 conductu
984 4361 1103 4436 vestro,
1139 4359 1241 4425 etiam

190 4457 349 4525 comitiva
381 4462 495 4523 vestra
526 4459 666 4538 decenti,
697 4459 822 4545 absque
851 4459 995 4546 strepitu
1027 4465 1242 4540 armatorum,

191 4559 394 4628 fiducialiter
430 4561 572 4629 accedat.
628 4561 731 4627 Amor
768 4562 857 4627 enim
892 4583 1068 4648 generosus
1091 4567 1150 4644 est,
1172 4565 1245 4651 cogi

190 4685 262 4730 non
283 4667 403 4749 potest,
424 4665 483 4728 sed
521 4664 597 4731 duci
634 4665 710 4731 vult
747 4669 783 4730 et
803 4664 900 4742 allici,
923 4685 990 4730 non
1024 4667 1155 4732 arctari.
1200 4667 1244 4732 Et

190 4771 347 4854 spemtur
368 4766 457 4852 quod
479 4766 671 4854 hujusmodi
686 4787 878 4855 progressus
894 4772 929 4832 et
950 4789 1121 4854 processus
1136 4773 1248 4836 vester

191 4874 231 4936 et
266 4867 409 4936 aliorum
446 4867 660 4955 praelatorum
695 4870 732 4934 in
755 4873 851 4936 tanto
883 4869 1071 4939 discrimine
1102 4871 1248 4959 aliquem

1045 4975 1114 5039 Η
