3309 5859
514 871 804 924 crurumrrrsrs.
1115 854 1179 923 479

56 1127 399 1196 454.-L1rmns
420 1143 571 1196 manem
593 1129 774 1195 Mso1srao
797 1128 836 1192 R.
860 1144 908 1193 nu
931 1125 1070 1194 Sessar
1092 1127 1179 1194 Pro·
1219 1103 1331 1223 ³2³³&

278 1247 454 1298 enarrem
484 1248 616 1296 uosrao
640 1247 679 1295 ru
703 1231 818 1298 Ouum
850 1229 1182 1308 Rourur,ur1rsn

281 1350 454 1398 lucrarer
476 1350 500 1397 a
521 1332 810 1398 Perurrnrrmnrc
827 1333 963 1396 Doulur
979 1330 1081 1396 Para
1097 1347 1183 1397 coar·

280 1452 471 1501 mssrourm
503 1451 721 1501 reservarer
758 1449 925 1511 ouesnru
962 1450 1000 1498 ru
1040 1449 1183 1500 erasmus

281 1553 493 1603 nassavrrrs
516 1537 639 1605 Cunna
663 1551 862 1602 rannrcrn.

1194 1290 1227 1341 L.
1240 1293 1271 1341 21
1285 1288 1309 1340 b.

161 1701 321 1768 Salutem
344 1703 380 1768 in
412 1703 519 1771 salute
543 1724 629 1770 vera.
687 1702 853 1770 Scrutatis
887 1703 1032 1770 archivis
1059 1695 1340 1814 nestristfflflofftffi·

96 1805 314 1872 invenimus
337 1809 495 1893 quasdam
518 1809 646 1875 litteras
669 1808 831 1894 sigillatas
853 1813 1028 1895 tangentes
1050 1807 1349 1880 Menas-conventia

100 1909 250 1973 terium
276 1907 392 1976 Sancti
415 1910 598 1997 Augustini
637 1909 829 1976 Cantuariae
867 1931 949 1996 quas
978 1894 1347 2012 dfflidffllisriffilrahto

105 2011 213 2076 sicut
243 2011 468 2077 intelleximus
500 2034 560 2100 per
592 2012 721 2078 litteras
753 2017 889 2090 vestras,
914 2017 948 2077 et
981 2035 1056 2098 quae
1087 2014 1182 2081 vobis
1196 2027 1337 2078 obnmror

109 2112 311 2180 deferendae
342 2135 401 2199 per
432 2136 492 2181 nos
523 2115 656 2180 traditae
688 2120 768 2180 sunt
799 2115 943 2180 Domino
975 2115 1109 2181 Thomae
1141 2093 1334 2224 deffigffl

112 2214 307 2302 Woghope,
340 2216 458 2282 ultimo
492 2217 545 2283 die
577 2216 673 2282 Junii
706 2221 784 2282 ante
822 2217 936 2283 datam
970 2219 1183 2303 praesentium
1195 2227 1225 2303 pf
1234 2226 1335 2303 absolv-

114 2318 277 2402 proxime
308 2320 483 2404 praeterito.
540 2318 668 2395 Adhuc,
700 2318 856 2384 scribitur
889 2318 977 2383 inter
1011 2291 1325 2408 Constitu-{ssffffnlssssssin

118 2419 236 2484 tiones
270 2417 505 2498 Clementinasr,
537 2421 624 2486 sicut
661 2420 760 2497 scitis,
800 2420 890 2505 quod
928 2420 1087 2506 Religiosi
1124 2422 1183 2508 qui
1196 2424 1292 2475 certain

120 2519 254 2588 clericis
276 2525 337 2587 aut
367 2522 459 2588 laicis
482 2526 723 2588 sacramentum
754 2526 912 2587 extremae
941 2524 1107 2589 unctionis
1130 2523 1183 2589 vel
1196 2506 1309 2607 {fflto

122 2623 313 2690 eucaristiae
336 2625 534 2704 ministrare,
557 2624 809 2690 matrimoniave
836 2623 1092 2710 sollempnizare,
1116 2647 1184 2690 non
1195 2623 1351 2741 rffegfflw

123 2725 245 2790 haara
264 2747 364 2812 super
386 2726 451 2790 has
473 2726 670 2812 parochialis
686 2727 871 2813 presbyteri
885 2726 1020 2793 uasta
1041 2700 1331 2814 specim,}„21f,¹¹'¹⁸

127 2835 190 2893 aut
228 2829 287 2914 qui
325 2828 622 2895 excommunicates
660 2851 680 2892 u
718 2849 850 2909 canone,
892 2833 1112 2914 praeterquam
1150 2831 1187 2896 in

128 2931 260 2997 casibus
282 2953 303 2996 a
320 2931 396 3017 jure
419 2932 582 3017 expressis
605 2929 659 2996 vel
682 2952 740 3015 per
766 2930 943 3016 privilegia
965 2930 1061 2997 Sedis
1082 2933 1189 3019 Apos-

130 3033 238 3098 tolicae
270 3035 430 3100 concessis
462 3033 595 3110 eisdem,
628 3032 682 3098 vel
709 3054 729 3098 a
763 3033 939 3098 sententiis
972 3055 1032 3120 per
1062 3039 1191 3101 statuta

131 3135 347 3222 provincialia
380 3141 440 3202 aut
471 3135 624 3222 synodali
655 3135 883 3222 promulgatis,
917 3158 984 3216 seu,
1017 3142 1059 3202 ut
1089 3139 1191 3204 verbo

134 3258 245 3303 eorum
267 3243 411 3316 utemur,
433 3260 455 3303 a
476 3259 576 3325 poena
599 3242 633 3302 et
655 3259 676 3303 a
698 3237 797 3323 culpa
819 3237 990 3304 absolvere
1014 3260 1192 3324 quemcun-

136 3361 198 3424 que
218 3339 497 3426 praesumpserint,
530 3338 880 3405 excommunicationis
914 3338 1089 3405 incurrant
1118 3363 1191 3406 sen·

137 3442 274 3506 tentiam
303 3442 376 3528 ipso
398 3440 495 3518 facto,
527 3441 695 3507 duntaxat
724 3461 783 3526 per
814 3439 934 3505 Sedem
965 3440 1192 3528 Apostolicam

139 3543 328 3609 absolvendi
340 3567 349 3623 ;
371 3542 458 3608 hanc
489 3543 772 3619 constitutionem,
796 3543 906 3628 quoad
935 3542 1082 3628 aliquam
1116 3565 1192 3631 par·

139 3650 212 3722 tem,
236 3645 380 3731 quidam,
404 3644 569 3723 videlicet,
591 3645 631 3710 A„
656 3645 696 3711 dc
721 3644 757 3712 B.
781 3643 827 3722 0.,
851 3644 891 3710 de
914 3644 955 3710 D.
978 3651 1014 3711 et
1047 3645 1191 3713 Thomas

141 3748 179 3813 da
200 3748 243 3825 P,
276 3747 458 3814 confratres
490 3747 596 3813 nostri
631 3752 665 3813 et
698 3747 850 3814 monachi
884 3747 1038 3814 Ecclesiae
1068 3755 1192 3816 nostrae

143 3849 394 3929 Centuariensia
428 3849 629 3935 frequenter,
664 3871 706 3915 ex
736 3849 879 3936 quadam
914 3850 1126 3937 simplicitate
1157 3855 1193 3917 et

143 3975 203 4018 non
238 3954 273 4017 in
313 3956 539 4039 contemptum
578 3951 721 4018 clavium
767 3951 932 4031 Ecclesiae,
976 3956 1015 4016 ut
1052 3953 1193 4018 firmiter

144 4055 305 4132 credimus,
345 4054 564 4132 violaverunt,
596 4059 640 4130 et,
670 4054 714 4119 ab
751 4053 944 4139 hujusmodi
980 4053 1087 4140 culpis
1124 4076 1192 4121 non

145 4159 201 4224 rite
221 4156 374 4236 absoluti,
406 4178 440 4223 se
467 4155 591 4223 divinis
623 4155 895 4232 immiscuerunt;
931 4154 1075 4240 quidam,
1098 4156 1191 4222 vide·

146 4259 221 4337 lieet,
253 4260 293 4324 A.
326 4258 367 4323 de
413 4257 450 4324 B.
482 4262 518 4323 et
560 4254 596 4323 Ο.
630 4257 671 4322 dc
705 4255 755 4335 D,
795 4255 917 4322 fratres
966 4259 1002 4321 et
1038 4257 1191 4324 monachi

147 4362 300 4450 praedictae
338 4359 499 4438 Ecclesiae,
534 4363 648 4426 contre
685 4358 878 4445 praedictam
909 4358 1191 4441 constitutionem,

148 4466 376 4532 tutamentum
407 4461 613 4529 eucharistiae
644 4461 792 4548 personis
824 4459 1035 4540 secularibus,
1071 4467 1112 4528 ut
1149 4483 1191 4528 ex

148 4566 370 4634 verisimilibus
403 4565 626 4652 conjccuturis
663 4562 902 4650 cognoscimus,
946 4585 1034 4650 saepe
1074 4565 1190 4630 minis·

150 4675 289 4751 trurmt3
311 4673 346 4735 et
367 4667 427 4735 alii
442 4667 585 4744 Fratres,
600 4665 767 4746 videlicet,
789 4666 829 4733 A.
853 4666 894 4733 dc
917 4664 957 4735 B.
973 4671 1009 4734 et
1031 4665 1067 4736 O.
1083 4667 1124 4734 dc
1138 4669 1189 4748 Ι).,

152 4773 261 4842 iratres
284 4777 319 4840 et
341 4771 494 4842 monaehi
522 4769 676 4843 Ecclesiae
702 4769 879 4858 praedicta,
907 4769 1191 4842 administratores
