3309 5859
393 864 457 927 182
844 869 984 919 mm.

390 1064 492 1150 digua
515 1064 610 1127 vobis
635 1063 700 1127 ista
735 1060 806 1126 vioe
839 1058 1022 1138 scribenda,
1045 1061 1098 1121 set
1123 1076 1275 1142 prospere
1297 1053 1438 1118 valeatis

391 1170 426 1233 in
450 1170 522 1233 lacu
555 1167 696 1231 uriseriae
735 1162 922 1229 mundialis
969 1160 1089 1247 Script
1115 1157 1270 1225 Cantusr.
1295 1155 1359 1241 vjto
1384 1155 1437 1220 die
1485 1208 1488 1214 .

392 1271 522 1359 Aprilis.

253 1557 281 1601 (6
294 1550 354 1613 spi.
394 1536 569 1607 llll-*Du
606 1546 819 1598 6666666166
859 1543 1057 1593 emunitus
1094 1526 1364 1591 Ancnmnoon
1402 1538 1437 1585 6(

251 1619 353 1681 (1326)·
549 1636 753 1701 06616666
786 1648 979 1697 66666666
1008 1645 1158 1699 666666.
1182 1645 1224 1693 nr
1245 1642 1328 1691 6616
1355 1641 1438 1689 uoco

221 1742 346 1795 L·1⁴⁵b·
549 1756 661 1804 news
684 1752 951 1801 6666666666.

219 1912 370 1990 616661-
439 1897 506 1963 Suo
540 1896 635 1982 patri.
684 1894 771 1973 Quia
804 1890 1010 1957 subbollivus
1042 1888 1234 1975 principalis
1266 1883 1440 1951 Senescnlli

221 1979 374 2097 fflffiiff
394 1999 559 2063 libertatis
582 2002 709 2073 vestrae,
733 1996 791 2081 qui
814 2018 857 2060 ex
879 1994 992 2059 debito
1015 1992 1112 2058 officii
1134 1992 1186 2055 sui
1208 1992 1245 2054 in
1260 1988 1439 2055 Cuutuuric

223 2113 365 2163 ineantur·
394 2102 524 2168 solebat
561 2102 658 2186 qussi
689 2100 845 2165 continue
882 2097 1033 2175 residere,
1071 2114 1177 2181 nuper
1213 2094 1301 2158 diem
1347 2112 1440 2155 suum

223 2180 380 2301 gffilfflg
393 2205 511 2271 clausit
533 2210 725 2277 extremum,
748 2222 808 2266 nec
842 2200 950 2265 adhuc
981 2198 1065 2262 elius
1096 2196 1167 2261 loco
1197 2196 1300 2281 ipsius
1335 2194 1440 2257 estin

225 2314 324 2361 officere
335 2312 366 2360 of
395 2310 484 2374 dicto
508 2307 613 2373 officio
630 2306 835 2392 subrogatus,
850 2302 967 2368 bellivi
982 2300 1192 2367 vicecomitis
1210 2298 1357 2374 Kunciae,
1372 2297 1441 2382 ipso

224 2376 377 2494 ffiffiff
394 2412 537 2497 penitus,
569 2413 608 2473 ut
645 2407 799 2483 creditur,
830 2406 1012 2490 ignorante,
1041 2402 1190 2467 homines
1228 2405 1263 2465 et
1293 2405 1442 2465 tenentes

224 2512 290 2561 have
395 2517 523 2577 vestros
547 2514 581 2575 61
605 2509 759 2575 Ecclesiae
782 2511 902 2571 vestras
932 2506 1069 2591 capiunt
1091 2510 1125 2569 61
1146 2503 1334 2569 attechiant
1355 2500 1442 2566 infru

226 2578 366 2694 lffigh.
395 2614 584 2678 libertetem
608 2612 760 2676 Ecclesiae
784 2616 912 2685 vestrae,
935 2614 970 2674 et
1000 2609 1088 2694 ipsos
1118 2607 1162 2673 6(1
1191 2610 1337 2673 cestrum
1359 2604 1441 2670 066.

226 2710 338 2791 11810113
395 2714 512 2780 tueriae
545 2713 729 2799 captivatos
763 2712 940 2787 deducunt,
962 2715 998 2776 61
1030 2709 1153 2773 ibidem
1191 2708 1228 2772 in
1260 2707 1359 2771 ferris
1389 2706 1441 2771 de-

225 2779 350 2921 ffilffiss’
398 2817 508 2881 tinent
540 2816 700 2903 alligatos,
734 2815 771 2879 in
803 2813 1032 2900 praejudicium
1066 2810 1230 2879 libertatis
1260 2814 1382 2877 vestrae
1410 2815 1444 2876 et

226 2910 357 3041 666.

227 3047 303 3110 leges.

248 3210 353 3273 1snay
400 3194 716 3262 180.-Rrsr0ns10
765 3208 813 3257 66
859 3207 999 3257 666666
1054 3208 1232 3258 6666666
1277 3208 1446 3259 nomnen

256 3278 361 3341 (¹³2⁶)·
488 3312 706 3364 rnusrosuu
736 3310 1038 3361 rsovrnunuosuu
1052 3312 1119 3359 ruo
1140 3311 1266 3361 winus
1289 3311 1404 3361 16616

229 3397 260 3447 L.
273 3398 320 3444 116
328 3408 353 3443 6.

231 3534 285 3584 rue
294 3530 376 3592 Prior,
445 3476 476 3539 A
502 3497 561 3540 son
585 3474 733 3541 tresoher
755 3480 789 3540 et
823 3474 901 3540 bien
924 3494 997 3538 eme
1028 3494 1071 3539 66
1093 3473 1190 3552 Dieu,
1215 3476 1243 3540 si
1271 3476 1333 3563 luy
1354 3477 1449 3565 plcet,

230 3602 287 3650 who
296 3598 369 3648 holo·
402 3578 547 3643 Monsire
564 3576 655 3643 Ruui
677 3576 795 3641 Basset
809 3575 851 3640 de
874 3573 1037 3661 Dreyton,
1053 3574 1250 3641 Ocnestcble
1273 3577 1315 3641 (16
1330 3576 1450 3655 Dovor,

232 3664 361 3785 tells
401 3688 437 3747 6
459 3680 606 3747 seruies
622 3680 663 3744 ue
689 3680 769 3747 sine
791 3677 1024 3756 rorensi-1
1047 3676 1168 3743 rsour
1190 3680 1245 3744 uu
1261 3680 1387 3769 raguse
1409 3683 1449 3747 se

168 3842 182 3891 r
226 3802 287 3879 [ree
300 3797 362 3848 alne
404 3782 604 3860 (lenterbirs,
629 3782 727 3859 suluz,
751 3786 785 3846 et
815 3780 849 3846 lc
874 3781 955 3867 joye
977 3781 1180 3867 perdursble.
1227 3782 1309 3862 Sire,
1333 3784 1451 3851 voillez

233 3873 357 3985 ξοζζὲω
404 3908 499 3951 suver
526 3908 566 3970 qe
590 3906 676 3949 nous
698 3904 813 3949 cvoms
836 3882 989 3948 conscille
1020 3889 1131 3949 nostre
1154 3883 1337 3952 honuruble
1358 3890 1448 3973 piere

234 4000 334 4053 furnich
404 3989 607 4073 Leroevesqe
624 3988 665 4051 (16
684 3986 878 4053 Genterbirs
900 3986 973 4051 ausi
988 4008 1079 4051 come
1102 3987 1127 4050 il
1148 3988 1293 4054 sfferreit
1316 4012 1374 4054 sur
1401 3990 1447 4056 les

235 4068 384 4195 ffiffiler,
404 4092 581 4178 busoignes
616 4112 656 4176 qe
679 4112 761 4155 vous
795 4111 879 4155 nous
902 4089 1103 4176 enpsrlsstes
1141 4092 1243 4159 drein.
1289 4092 1334 4158 Et
1371 4116 1452 4160 6666

234 4202 326 4251 theless
406 4217 519 4261 ovoms
543 4194 689 4259 entendu
712 4214 752 4277 qe
774 4192 799 4255 il
821 4192 944 4257 semble
969 4214 990 4258 6
1012 4193 1081 4279 luy,
1104 4194 1176 4259 cusi
1199 4215 1290 4263 come
1317 4197 1406 4263 ilfet
1433 4220 1453 4265 a

236 4268 393 4319 offerstodo
1113 4298 1121 4311 .
1312 4300 1320 4315 .

238 4334 378 4383 sutem
407 4320 498 4375 nous,
530 4320 570 4383 qe
604 4295 747 4362 chescun
769 4301 862 4360 enest
887 4302 984 4361 tenuz
1014 4297 1055 4361 de
1077 4298 1159 4363 fane
1181 4306 1287 4384 quent
1310 4301 1334 4365 il
1357 4324 1454 4388 purrc

238 4398 384 4515 {affle-
407 4422 470 4487 pur
506 4400 540 4463 la
563 4404 698 4465 sauvete
736 4398 776 4462 (16
815 4398 929 4463 Seinte
968 4399 1102 4485 Esglise,
1140 4417 1175 4465 et
1210 4402 1309 4487 lonur
1345 4412 1454 4471 nostre

240 4532 283 4581 the
295 4530 369 4595 king-
409 4504 551 4590 Seignur
574 4503 603 4568 le
637 4502 699 4566 Roi
723 4505 757 4566 et
787 4502 827 4565 (16
851 4524 908 4566 666
932 4504 1076 4568 roiulme.
1122 4504 1166 4570 Et
1188 4527 1251 4591 pur
1281 4528 1346 4585 666,
1374 4508 1453 4588 Sire,

239 4600 341 4727 ffinst
409 4612 461 4669 tot
486 4628 528 4669 nc
552 4606 691 4670 tienoms
714 4625 797 4668 nous
833 4610 917 4668 tores
955 4627 996 4669 ne
1019 4608 1230 4692 temporultes
1253 4609 1322 4673 fors
1352 4634 1393 4696 qe
1415 4635 1454 4677 66

241 4731 285 4780 the
298 4744 342 4778 ex·
409 4727 489 4792 pure
513 4710 547 4771 et
570 4729 611 4771 66
634 4706 822 4793 perpetuele
844 4706 1006 4793 almoyne,
1022 4713 1056 4773 ct
1078 4710 1197 4774 sicome
1212 4711 1312 4775 frurrk
1327 4713 1454 4780 dowere

241 4797 365 4917 ffissn·
410 4808 465 4873 (161
487 4808 634 4893 Esglise3
656 4831 697 4874 66
722 4814 774 4874 161
795 4831 838 4874 66
862 4832 973 4897 eyoms
991 4832 1074 4877 nous
1094 4812 1190 4877 home
1205 4834 1247 4877 66
1269 4820 1389 4881 166661
1414 4839 1454 4901 qe
