3309 5859
427 826 489 886 llo·
879 834 1011 884 trinas

424 1030 609 1090 vestrarum
640 1023 763 1111 pagina
800 1023 998 1099 litterarum,
1021 1022 1063 1086 de
1096 1020 1226 1087 modica
1248 1020 1468 1085 subventione

425 1126 520 1191 vobis
541 1125 703 1204 iacienda,
733 1147 793 1212 per
824 1146 885 1190 nos
918 1131 954 1191 et
976 1124 1169 1211 Capitulum
1207 1128 1358 1197 nostrum
1392 1122 1472 1187 alias

426 1228 587 1305 ordinata,
620 1227 820 1293 mentionem
858 1227 939 1293 fecit
969 1247 1177 1313 expressam3
1208 1232 1243 1291 et
1276 1226 1374 1312 quod,
1397 1224 1471 1289 licet

427 1329 667 1395 ordinassemus
705 1330 792 1416 quod
829 1350 889 1415 per
925 1350 1043 1395 manus
1081 1327 1210 1394 Fratris
1234 1325 1395 1392 Willelmi
1433 1324 1471 1389 de

427 1430 609 1517 Ledebury,
632 1428 857 1497 commonachi
879 1429 994 1508 nostri,
1016 1450 1094 1495 cum
1123 1429 1166 1495 ad
1189 1429 1341 1494 maneria
1361 1432 1473 1493 nostra

424 1533 525 1619 juxta
548 1532 721 1609 Oxoniam‚
744 1552 804 1621 pro
841 1530 916 1597 aliis
939 1531 1081 1617 negotiis
1104 1532 1227 1597 nostris
1249 1529 1471 1617 expediendis,

429 1634 612 1720 contigeret
649 1632 822 1710 declinare,
846 1634 941 1700 vobis
975 1634 1070 1699 fieret
1106 1634 1292 1699 subsidium
1322 1632 1472 1718 aliquale,

429 1742 542 1802 tamen
574 1734 764 1821 hujusmodi
802 1735 969 1801 ordinatio
1007 1735 1156 1822 Capituli
1193 1735 1326 1801 nullum
1357 1733 1474 1798 attulit
1582 1750 1589 1762 ·

430 1837 526 1901 vobis
560 1835 719 1913 fructum,
758 1856 796 1902 ec
831 1836 919 1922 quod
951 1835 1125 1903 executio¹
1159 1836 1297 1901 minime
1340 1836 1472 1900 deman·

430 1940 582 2017 dabatur,
603 1945 704 2025 prout
735 1938 771 2003 in
806 1939 905 2005 dictis
937 1938 1059 2005 litteris
1093 1940 1212 2005 vestris
1249 1937 1379 2026 plenius
1401 1959 1474 2005 con-

431 2044 566 2109 tinetur.
616 2042 666 2107 Ut
697 2041 801 2128 igitur
824 2040 948 2107 veritas
970 2041 1213 2127 premissorum
1236 2042 1333 2107 vobis
1347 2040 1474 2128 plenius

430 2142 601 2221 elucescat,
618 2142 712 2208 vobis
734 2141 906 2207 scribimus
920 2142 1038 2209 seriem
1060 2143 1109 2208 rei
1124 2149 1234 2230 gestas,
1258 2142 1338 2229 qnia
1352 2143 1474 2207 factum

430 2244 645 2333 peritissimos
655 2244 785 2329 judices
798 2242 883 2309 latet
898 2244 1102 2329 quandoque.
1147 2244 1293 2331 Recepta
1314 2242 1473 2330 siquidem

431 2348 603 2435 primitiva
625 2345 739 2411 littera
761 2350 873 2411 vestra
894 2346 990 2411 nobis
1012 2346 1148 2424 directa
1169 2346 1326 2433 petitioni
1348 2350 1473 2422 vectrae,

432 2474 506 2537 quae
551 2472 571 2514 a
609 2448 747 2515 rationis
785 2447 920 2513 tramite
957 2446 1094 2513 minime
1139 2447 1298 2527 deviant,
1336 2448 1474 2533 benigne

434 2551 591 2617 duximus
615 2549 838 2625 annuendum,
860 2554 895 2614 et
918 2549 1162 2615 ordinationem
1185 2548 1336 2635 Capituli
1358 2549 1395 2613 in
1416 2548 1474 2613 hac

432 2660 535 2741 parte,
556 2675 617 2739 per
639 2653 764 2719 dictum
799 2650 947 2717 Fratrem
970 2652 1184 2728 Willelmum,
1206 2652 1474 2718 demandavimus

433 2756 651 2823 effectualiter
683 2754 909 2841 exequendam
942 2754 980 2820 in
1012 2755 1119 2821 forma
1152 2756 1360 2841 subscripta:
1382 2754 1474 2840 quod,

434 2882 508 2927 cum
547 2860 633 2925 idem
672 2858 859 2924 willelmus
896 2859 940 2924 ad
988 2858 1132 2924 maneria
1170 2865 1283 2925 nostra
1318 2858 1475 2945 praedicta

429 2962 531 3048 juxta
555 2961 719 3028 Oxoniam
753 2960 853 3027 citius
876 2961 1016 3038 veniret,
1039 2960 1245 3047 procuratori
1278 2968 1391 3026 vestro
1412 2960 1475 3025 cui·

434 3086 582 3149 cumque,
606 3064 649 3129 ad
686 3063 795 3148 ipsum
833 3062 1083 3149 quibuscunque
1117 3063 1233 3129 diebus
1264 3063 1319 3129 vel
1342 3062 1422 3129 locis
1443 3063 1474 3125 in

437 3165 589 3254 partibus
612 3166 678 3231 illis
703 3165 883 3242 accedenti,
905 3165 1160 3231 subventionem
1186 3188 1373 3232 concessam
1399 3164 1474 3229 libe·

434 3275 528 3335 raret.
568 3268 613 3333 Et
636 3268 714 3353 quia
736 3266 849 3331 nullus
872 3273 1030 3353 exparte
1055 3274 1336 3355 vestm,tompore
1359 3268 1475 3355 quoin

435 3371 588 3457 partibus
611 3369 679 3434 illis
694 3368 844 3456 degebat,
859 3368 903 3434 ad
917 3370 1027 3455 ipsum
1038 3356 1187 3448 'acoesdt
1202 3375 1237 3435 et
1254 3371 1362 3456 (quia)
1377 3369 1477 3436 ardua

434 3474 568 3560 negotia
590 3472 743 3540 Ecclenae
776 3478 906 3550 nostrae,
939 3472 1003 3537 sibi
1040 3474 1212 3539 commissa
1234 3479 1269 3538 ct
1306 3472 1387 3539 alibi
1423 3494 1476 3537 ex·

435 3576 608 3663 pedienda,
645 3573 898 3661 praetermittere
932 3595 999 3640 non
1056 3575 1169 3660 potuit
1213 3575 1284 3639 sinc
1325 3575 1473 3661 dampno,

435 3677 556 3743 infecto
591 3676 724 3762 negotio
755 3696 813 3740 vos
851 3676 1064 3762 contingente
1088 3676 1128 3742 de
1155 3676 1305 3762 partibus
1327 3676 1395 3741 illis
1432 3698 1478 3741 re·

436 3780 541 3846 cessit.
595 3778 728 3843 Habeat
742 3777 848 3864 igitur
884 3778 1119 3863 circumspecta
1164 3778 1317 3843 discretio
1374 3786 1478 3844 vestm

437 3879 639 3947 excusabiles
662 3880 698 3944 in
720 3878 783 3944 hac
805 3885 899 3965 parte
921 3879 1164 3945 rationabiliter
1186 3887 1367 3947 excusatos.
1413 3881 1477 3946 Nos

437 4005 523 4062 uero,
556 3982 696 4047 aliorum
726 3979 965 4067 negligentiam
1006 3981 1158 4069 supplere
1203 3982 1362 4060 volentes,
1407 3984 1477 4047 sub

438 4086 628 4151 ventionem
659 4084 742 4149 alias
774 4084 870 4149 vobis
908 4105 1094 4162 concessam
1129 4086 1335 4171 procuratori
1373 4091 1478 4151 vestro

438 4188 574 4253 fecimus
596 4185 737 4250 liberari.
786 4183 905 4250 Valeat
931 4190 966 4250 et
993 4185 1106 4272 vigeat
1130 4193 1244 4253 sancta
1273 4190 1479 4275 congregatio

438 4296 550 4355 vestra
587 4289 623 4351 in
647 4287 779 4353 Christo
811 4309 870 4373 per
891 4309 958 4352 suae
996 4290 1111 4353 matris
1149 4297 1183 4355 ot
1220 4289 1317 4354 Beati
1353 4290 1480 4356 Thomas

438 4391 556 4456 merita
582 4389 731 4474 gloriosa.
787 4388 877 4454 Data
912 4388 1112 4467 Cantuariae,
1147 4389 1258 4475 xxiijo.
1282 4391 1337 4455 die
1359 4392 1479 4477 Aprilis

437 4515 525 4557 anno
548 4491 683 4556 Dnomii
700 4490 941 4555 uoooxxuuta

833 4690 1021 4741 wasconem
1040 4692 1097 4743 MS.
