3309 5859
430 881 496 944 220
863 895 996 946 arrasa

428 1097 529 1184 Regis
549 1099 690 1186 Angliae,
712 1099 771 1186 qui
794 1105 846 1166 est
877 1099 1033 1166 fundator
1066 1107 1101 1164 et
1132 1107 1291 1187 patronus
1325 1101 1483 1186 specialis

428 1201 582 1268 Ecclesiae
615 1201 742 1268 Christi
776 1204 954 1289 praediciae,
989 1211 1023 1270 et
1058 1203 1193 1268 Domini
1228 1203 1484 1290 Archiepiscopi

428 1301 684 1380 cantuariensis,
703 1305 760 1390 qui
782 1310 833 1370 est
855 1311 967 1392 pastor
991 1311 1025 1370 et
1047 1311 1143 1390 pater
1160 1305 1308 1392 specialis
1331 1305 1483 1390 ejusdem

429 1403 591 1482 Ecclesiae,
613 1427 682 1471 non
703 1413 885 1494 potuerunt
911 1411 1037 1474 statum
1063 1409 1238 1494 antiquum
1273 1413 1308 1473 et
1339 1407 1483 1472 liberam

427 1507 650 1574 conditionem
674 1507 827 1574 Ecclesiae
851 1509 1015 1595 pradictae
1039 1511 1223 1574 immutare

473 1608 591 1674 Postea
621 1611 675 1674 die
706 1610 812 1689 lovis,
836 1611 999 1688 videlicet,
1027 1612 1146 1696 quinto
1177 1611 1338 1676 kalendas
1370 1611 1483 1685 Junii,

427 1711 614 1778 Willelmus
646 1713 687 1778 de
721 1712 905 1793 Chilebam,
929 1721 1009 1779 tunc
1045 1714 1194 1780 Ballivus
1219 1713 1417 1791 Cantuariae,
1444 1719 1482 1778 et

427 1814 600 1902 populares
622 1814 772 1880 homines
794 1815 835 1879 de
858 1815 1070 1882 Cantuaria
1061 1837 1097 1880 m
1132 1816 1292 1882 cimiterio
1321 1817 1480 1882 Fratrum

427 1919 682 1984 Praedicatorum
728 1918 919 1985 Cantuarire
956 1927 1191 1998 convenerunt,
1229 1927 1265 1985 et
1309 1921 1397 1986 inter
1443 1943 1480 1984 se

426 2021 673 2100 ordinaverunt,
696 2022 794 2108 quod,
817 2023 883 2086 nisi
906 2021 1000 2088 Prior
1032 2027 1067 2088 et
1097 2021 1291 2088 Conventus
1325 2022 1480 2108 praedicti

426 2123 552 2188 vellent
573 2124 781 2188 contribuere
803 2145 877 2188 cum
902 2125 982 2210 ipsis
1012 2123 1053 2189 de
1088 2123 1242 2190 omnibus
1273 2125 1379 2201 terris,
1403 2125 1479 2189 real-

426 2225 559 2302 ditibus,
583 2231 618 2290 et
639 2225 793 2290 omnibus
816 2226 911 2290 bonis
942 2225 1011 2290 suis
1041 2225 1219 2312 praedictis,
1242 2228 1331 2312 quod
1365 2227 1479 2292 omnia

426 2327 569 2414 penticia
606 2333 641 2391 et
677 2327 837 2393 fenestras
877 2327 997 2392 Prioris
1031 2332 1066 2392 et
1098 2325 1292 2394 Conventus
1324 2328 1478 2393 Ecclesiae

426 2429 591 2516 praedictae
625 2429 662 2493 in
695 2429 853 2516 Bargate,
875 2434 911 2494 et
945 2451 1058 2494 omnes
1089 2429 1296 2495 molendinos
1329 2452 1404 2495 suos
1438 2431 1478 2494 in

425 2531 561 2597 civitate
585 2530 766 2597 Cantuaria
787 2537 822 2596 et
847 2531 961 2617 juxta,
984 2531 1192 2596 demollirent
1214 2537 1248 2596 et
1281 2532 1323 2596 ud
1354 2539 1476 2598 terram

425 2639 680 2718 prosternerent.

470 2735 580 2801 item:
604 2735 701 2816 Quod
733 2736 928 2823 proclamari
961 2735 1114 2812 facerent,
1137 2735 1199 2800 sub
1231 2757 1330 2822 poena
1361 2737 1474 2801 bania-

427 2837 529 2902 tionis
551 2843 587 2902 et
608 2837 711 2915 exilii,
734 2837 822 2922 quod
846 2838 956 2903 nullus
989 2838 1029 2904 de
1060 2837 1199 2904 civitate
1231 2837 1285 2904 vel
1315 2837 1476 2903 suburbio

426 2940 539 3005 domos
561 2940 792 3025 praedictorum
829 2939 951 3004 Prioris
983 2946 1018 3004 et
1053 2939 1247 3006 Conventus
1283 2939 1473 3006 Cantuarioe

426 3041 602 3108 habitaret.

470 3144 575 3210 Item:
611 3143 707 3224 Quod
745 3163 857 3208 omnes
894 3142 1043 3208 redditus
1081 3143 1244 3208 dictorum
1282 3143 1403 3210 Prioris
1439 3151 1475 3210 et

425 3245 618 3312 Conventus
640 3245 676 3310 in
698 3245 835 3310 civitate
865 3251 899 3310 et
932 3245 1101 3322 suburbio,
1124 3245 1183 3330 qui
1218 3267 1253 3310 se
1287 3246 1474 3311 extendunt

425 3349 657 3434 usqueadeo.
680 3369 805 3414 marcas
828 3353 863 3414 et
897 3347 994 3424 ultra,
1016 3346 1119 3412 levari
1143 3347 1288 3414 facerent
1318 3355 1352 3412 ct
1381 3348 1473 3414 colli·

424 3452 502 3538 geri,
525 3452 568 3516 ad
590 3473 673 3538 opus
696 3451 841 3537 ipsorum
865 3450 1072 3538 popularium
1096 3449 1250 3516 civitatis

468 3554 577 3619 Item:
601 3553 697 3632 Quod
719 3553 782 3618 sub
804 3553 911 3638 poenis
933 3551 1100 3638 praedictis
1124 3552 1271 3618 facerent
1293 3553 1469 3639 prohiberi,

425 3656 510 3740 quod
535 3655 646 3720 nullus
669 3655 869 3720 decivitate
904 3653 955 3719 vel
989 3653 1146 3719 suburbio
1178 3653 1283 3732 daret,
1306 3657 1471 3732 venderet,

425 3781 485 3823 nce
508 3759 665 3837 mitteret,
689 3759 796 3822 Priori
826 3763 861 3822 et
896 3755 1085 3822 Conventui
1119 3755 1272 3822 Ecclesiae
1304 3759 1471 3842 praedictae

425 3861 543 3936 cibum,
567 3882 628 3925 nec
648 3865 772 3946 potum,
796 3879 856 3923 nec
878 3857 944 3922 alia
967 3857 1126 3922 victualia
1149 3858 1397 3944 qualiacunque.

470 3963 578 4028 iterii:
605 3959 643 4025 Si
673 3960 751 4045 equi
786 3959 840 4023 vel
875 3963 1011 4024 carectae
1045 3958 1086 4022 de
1121 3958 1276 4022 maneriis
1308 3960 1469 4026 dictorum

426 4065 547 4128 Prioris
570 4070 605 4129 ot
636 4062 828 4128 Conventus
851 4081 923 4126 cum
955 4059 1120 4146 aliquibus
1151 4060 1350 4126 victualibus
1382 4065 1472 4128 veni·

426 4173 501 4232 ront
524 4167 559 4230 in
598 4164 825 4241 Cantauriam,
851 4163 940 4249 quod
974 4162 1090 4228 statim
1122 4185 1230 4248 equos,
1254 4170 1407 4242 careotas,
1438 4173 1472 4230 ct

426 4269 583 4336 victualia
605 4274 760 4354 caperent
782 4273 816 4332 et
839 4273 1043 4354 exponerent
1065 4267 1259 4332 venditioni.

470 4375 575 4440 ltere:
599 4372 634 4437 Si
660 4371 750 4434 Prior
772 4371 827 4434 vel
851 4370 970 4456 aliquis
1002 4369 1180 4436 monachus
1210 4369 1387 4466 Ecclesiam
1420 4370 1472 4436 vel

425 4486 554 4564 portam
578 4475 693 4549 exiret,
716 4472 803 4556 quod
827 4471 979 4536 omnibus
1002 4471 1097 4536 bonis
1120 4477 1155 4536 et
1177 4471 1382 4537 indumentis
1404 4474 1471 4537 suis

425 4579 513 4663 ipsos
536 4576 725 4661 spoliarent,
748 4579 782 4638 ct
805 4593 960 4659 personas
982 4572 1212 4638 attachiarcnt.

470 4678 577 4743 Ilaec:
616 4677 713 4757 Quod
758 4677 918 4741 lessatum
955 4676 1101 4743 facerent
1138 4675 1338 4762 profundum
1377 4685 1470 4746 extra

425 4786 537 4870 portas
559 4781 649 4870 quod
670 4779 781 4847 nullus
804 4780 912 4848 exiret
934 4801 994 4848 nec
1017 4780 1170 4848 intraret.
