3309 5859
394 896 415 961 6
839 900 973 951 mm

396 1100 517 1163 vestras
549 1092 744 1181 paternitati
781 1090 969 1167 autulietoe,
1000 1093 1036 1155 et
1059 1086 1181 1153 vostris
1206 1085 1242 1151 in
1276 1085 1342 1151 hac
1365 1086 1460 1173 parte

400 1196 642 1264 Commissariis
669 1194 942 1281 quibuscumque,
964 1191 994 1255 si
1017 1210 1077 1255 vos
1112 1188 1211 1254 diotae
1245 1185 1464 1252 visitationis

400 1300 454 1365 die
478 1299 590 1363 abessa
614 1296 797 1381 contingat,
820 1294 1015 1359 intimamus
1040 1312 1099 1377 per
1122 1293 1315 1377 'praesentes
1350 1286 1460 1374 sigillo

402 1412 515 1473 nostro
547 1402 722 1479 communi,
755 1422 820 1487 quo
852 1400 981 1464 utimur
1009 1398 1052 1463 ad
1091 1418 1206 1463 causas
1245 1401 1280 1461 et
1313 1394 1461 1481 negotia,

402 1508 617 1594 consignatas
664 1503 754 1569 Data
783 1502 819 1568 in
857 1501 954 1568 domo
992 1504 1107 1565 nostra
1128 1497 1307 1586 capitulari
1346 1517 1461 1560 mense

432 1603 458 1676 ’.
505 1661 512 1676 .
559 1606 647 1674 .dio
670 1628 758 1671 anno
781 1652 1058 1671 ......
1081 1600 1265 1667 secundum
1306 1594 1462 1665 Ecclcsiae

402 1712 595 1800 Anglicauoe
617 1730 749 1775 cursum
776 1714 811 1773 et
837 1704 1127 1792 compute-cionem.

234 2005 346 2057 susa.
409 1997 637 2065 6.-L1mnna
660 2006 794 2059 creusa
817 2006 884 2057 sua
907 2004 1042 2055 smmm
1064 2002 1230 2055 coruum
1256 2002 1361 2053 mssa
1393 1986 1466 2051 Do·

519 2114 609 2162 nuso
646 2134 735 2147 —
781 2096 1061 2161 Aaomamscoro
1110 2091 1374 2157 corrumdam
1418 2106 1468 2155 an

525 2214 757 2265 rusmarnuu
796 2212 844 2261 ns
907 2212 1025 2260 morra
1065 2196 1281 2285 [cumanis]
1319 2194 1469 2259 Paroars

523 2304 701 2369 Eccnasrm
726 2300 873 2366 Curram
896 2298 1188 2365 Omrunarnusra

240 2468 368 2525 F⁰r¹1¹¹¹¹⁰=
458 2466 745 2535 Reverendissimo
777 2466 813 2530 in
836 2464 971 2531 Christo
993 2464 1083 2551 patri
1105 2469 1141 2529 ot
1161 2464 1298 2530 domino
1320 2465 1471 2530 Domino

241 2560 298 2675 0Tf¹¹⁸
311 2556 389 2673 ῗζῗζξ
416 2608 503 2621 ·-·--
518 2569 582 2635 Dei
602 2569 711 2655 gratia
726 2565 963 2633 Cantuarianai
977 2566 1243 2652 Archiapiscopo,
1267 2566 1376 2631 totius
1398 2568 1469 2630 An·

240 2694 264 2743 is
276 2642 321 2743 alr-
414 2674 490 2761 glis
505 2670 656 2748 Primati,
671 2674 707 2734 et
730 2668 933 2755 Apostoliooe
949 2668 1046 2733 Sedis
1061 2668 1195 2754 legato,
1206 2668 1311 2733 vestri
1326 2668 1472 2733 humiles

241 2756 399 2876 ffiufflw
417 2782 451 2842 et
484 2774 596 2841 dovoti
633 2772 695 2837 filii
732 2806 818 2825 n·-
846 2772 1008 2858 Supprior
1039 2776 1074 2836 et
1108 2770 1304 2858 Capitulum
1347 2787 1471 2838 vestm

240 2888 400 2971 pishop,who
418 2880 549 2946 Sanctus
583 2874 834 2942 Oantuariensis
857 2874 1020 2951 Ecclesia,
1044 2874 1279 2954 obedientiam,
1312 2896 1473 2940 reveren·

242 2958 390 3075 ὀζξξξξὲω
415 2984 506 3060 tiam,
529 2987 564 3047 et
586 2979 753 3055 honorem,
776 2999 853 3044 oum
875 2980 1066 3043 orationum
1097 2978 1266 3065 suffragiis
1299 2985 1470 3065 quantum

243 3091 357 3166 assistat
416 3084 539 3151 valent.
585 3082 727 3147 Mortem
753 3079 935 3146 recolenda)
949 3079 1115 3145 mamoriae
1133 3078 1474 3145 Domini—m-

244 3154 388 3273 ffiffle
416 3185 539 3253 Prioris
561 3182 677 3259 nostri,
700 3204 775 3248 oum
799 3181 911 3247 dolore
944 3202 1013 3247 non
1043 3182 1183 3259 modico,
1217 3182 1362 3249 scribare
1399 3185 1472 3270 jam

245 3304 338 3341 cosm.
417 3309 583 3373 urgemur,
598 3306 696 3371 quem
710 3306 798 3349 mors
813 3285 930 3349 invida
945 3283 1045 3350 dente
1059 3284 1221 3371 nephario
1234 3285 1421 3363 mutilavit,
1434 3310 1474 3353 ac

417 3426 505 3439 —-
521 3389 575 3453 dic
598 3386 720 3453 mensis
730 3386 802 3472 jam
825 3386 993 3464 instantis,
1008 3388 1098 3452 intcr
1119 3386 1236 3453 horam
1252 3390 1424 3474 (quartam
1439 3396 1474 3455 et

419 3492 596 3577 quintam),
620 3490 657 3555 in
692 3508 818 3565 aurora,
841 3489 1006 3553 universae
1028 3489 1137 3555 carnis
1157 3490 1325 3556 tributum
1347 3492 1474 3557 solvere

419 3593 593 3668 coartavit,
616 3592 710 3677 cujus
731 3590 854 3657 animae
884 3591 929 3657 sit
952 3592 1118 3678 propitius
1140 3592 1290 3657 omnium
1313 3592 1476 3661 Conditor

419 3704 454 3763 et
477 3694 621 3763 Creator.
667 3694 801 3771 Verum,
822 3701 919 3781 pater
939 3695 1221 3775 reverendissime,
1244 3718 1320 3761 cum
1354 3700 1475 3784 saepius

421 3822 514 3865 mora
548 3796 731 3885 perieulum
764 3796 887 3875 trahat,
911 3802 951 3862 ut
984 3798 1175 3883 dampnosis
1208 3800 1387 3866 eventibus
1417 3802 1478 3868 ob·

423 3902 543 3979 victur,
557 3922 687 3987 gressus
703 3904 829 3965 vestros
852 3900 896 3964 ad
920 3900 1098 3967 Ecclesiam
1113 3906 1271 3980 vestram,
1285 3902 1315 3967 ai
1336 3903 1477 3990 placeat,
1564 3982 1567 3985 ⁴

426 4026 501 4071 oum
524 4002 692 4069 celeritate
716 4022 782 4087 qua
813 4002 966 4087 poteritis
999 4003 1161 4089 dirigatis,
1184 4004 1228 4069 ad
1262 4007 1476 4072 tractandum

423 4130 500 4175 oum
523 4105 601 4169 filiis
625 4102 744 4168 vestris
768 4102 809 4167 de
832 4101 950 4169 futuro
981 4102 1102 4181 Priore,
1124 4106 1306 4171 seeundum
1339 4130 1478 4175 consue-

422 4210 574 4276 tudinem
610 4205 762 4271 Ecclesia
794 4204 997 4271 laudabilem
1033 4229 1054 4272 a
1086 4212 1236 4295 tempore
1269 4209 1479 4278 fundationis

422 4313 582 4379 hactenus
605 4308 782 4389 usitatam3
804 4308 884 4393 quia
905 4310 1068 4375 veraciter
1089 4311 1261 4389 credimus,
1277 4312 1375 4398 quod,
1390 4316 1480 4382 siout

424 4414 534 4479 obitus
567 4408 742 4475 memorati
774 4408 911 4474 Domini
944 4450 1022 4462 --
1045 4409 1140 4478 nobis
1174 4397 1411 4481 amaritudinis
1442 4424 1480 4484 et

424 4514 575 4579 tristiciae
599 4511 732 4577 calicem
748 4511 950 4597 propinavit,
964 4514 1021 4593 sic,
1036 4536 1095 4601 per
1105 4520 1237 4581 vestrae
1254 4516 1481 4601 jocunditatis

424 4614 647 4701 praesentiam
664 4612 779 4699 gaudii
796 4618 832 4677 et
847 4614 1070 4681 exultationis
1088 4618 1244 4703 spiritum
1264 4639 1482 4689 assumemus

424 4712 673 4801 Beneplaoitum
695 4721 844 4780 vestrum
866 4717 903 4780 in
924 4714 990 4782 hiis
1023 4724 1059 4784 ct
1092 4720 1167 4785 aliis
1197 4742 1256 4807 per
1278 4720 1415 4788 Fratres
1445 4724 1480 4793 J.

425 4820 474 4901 G„
498 4815 652 4887 Ecclesia
686 4816 878 4899 sarisam,
901 4824 937 4885 et
968 4818 1009 4887 lt
1034 4818 1077 4899 8.,
1099 4823 1313 4911 prasentium
1347 4824 1483 4908 latores,
