3309 5859
624 880 917 941 omrusrmnsrs.
1230 874 1293 938 181

244 1068 272 1133 is
302 1070 402 1157 going
432 1074 468 1135 to
498 1070 586 1137 hand
616 1076 653 1136 to
682 1072 739 1137 the
770 1072 901 1159 Bishop.
947 1072 1027 1137 Alao
1049 1073 1109 1140 tell
1135 1072 1192 1137 the
1217 1073 1292 1137 said

244 1170 385 1237 Thomas
401 1172 475 1239 that
490 1174 530 1239 be
546 1179 636 1239 must
650 1174 691 1240 be
707 1175 743 1240 in
753 1174 892 1241 London
907 1196 949 1241 on
965 1176 1017 1239 his
1027 1176 1100 1239 first
1113 1174 1292 1261 (assigned)

243 1274 310 1360 day
325 1275 436 1341 before
450 1277 506 1342 the
522 1276 658 1355 Official,
673 1278 748 1342 that
763 1278 791 1341 is
806 1283 843 1343 to
858 1300 919 1363 say
935 1300 979 1343 on
994 1278 1052 1343 the
1067 1277 1159 1342 sixth
1175 1278 1242 1364 day
1257 1277 1294 1343 of

243 1378 325 1464 May
338 1392 421 1444 next
436 1380 573 1467 coming,
589 1380 626 1445 in
641 1380 736 1445 order
750 1386 785 1445 to
801 1381 899 1445 make
923 1402 944 1447 a
963 1402 1074 1466 power
1089 1380 1128 1445 ol
1138 1386 1294 1465 attemey

243 1479 295 1543 for
309 1480 459 1561 lrimself;
481 1483 548 1547 and
565 1483 639 1548 that
656 1483 698 1548 he
713 1488 803 1549 must
817 1504 907 1548 come
922 1488 958 1549 to
974 1505 1013 1547 ns
1028 1488 1065 1547 at
1081 1481 1292 1562 Canterbnry

244 1581 355 1647 before
370 1584 427 1650 the
442 1585 513 1649 said
529 1585 605 1669 day,
621 1585 657 1649 in
672 1584 767 1651 order
782 1590 818 1651 to
834 1585 875 1650 be
891 1584 1065 1672 prompted
1092 1607 1130 1649 as
1147 1590 1183 1650 to
1199 1584 1292 1650 what

244 1685 285 1750 he
300 1686 406 1772 ought
419 1692 455 1752 to
470 1688 512 1752 do
527 1688 563 1752 in
580 1687 723 1754 London
763 1686 873 1753 Given
890 1692 927 1753 at
939 1686 1151 1775 Genterbury
1160 1686 1218 1753 the
1231 1687 1289 1754 otri

246 1789 311 1874 day
327 1788 362 1854 of
376 1789 480 1875 April

242 2130 370 2196 acribus
404 2131 472 2195 suis
495 2130 691 2195 creationem
715 2129 864 2195 omnium
887 2130 1050 2195 ruralium
1082 2129 1292 2197 Decanorum

130 2244 135 2250 '
241 2239 360 2297 vestrae
393 2232 541 2299 dioecesis
565 2231 824 2310 Cantuariensis,
847 2254 943 2297 carne
966 2238 1001 2297 et
1023 2234 1184 2319 sanguine
1215 2233 1287 2312 sibi,

187 2335 195 2345 ‘
242 2335 463 2421 proculdubio,
487 2335 662 2401 revelante.
719 2334 852 2399 Dicitur
874 2334 976 2399 etiam
1010 2336 1099 2420 quod
1120 2336 1291 2403 Archidia·

241 2459 341 2505 conns
364 2440 422 2525 qni
444 2460 532 2504 nunc
555 2442 607 2503 est
636 2436 860 2503 commendam
892 2442 1037 2502 vestram
1071 2438 1214 2505 ecclesiae
1250 2440 1291 2505 de

242 2542 371 2607 Boume
395 2542 542 2607 vacantis
577 2540 736 2627 Magistro
759 2539 799 2604 R.
824 2538 1028 2605 Cancellario
1053 2546 1164 2607 vestro
1185 2564 1292 2628 nuper

241 2644 365 2710 iactam
387 2666 455 2710 non
477 2643 647 2730 approbat,
671 2663 732 2709 nec
754 2646 915 2728 acceptat,
937 2647 1073 2729 propter
1104 2644 1290 2710 custodiam

242 2745 449 2811 ecclesiarum
473 2745 665 2811 vacantium
689 2744 725 2807 in
760 2743 894 2809 dioecesi
915 2750 1028 2811 vestra
1061 2750 1097 2810 et
1128 2747 1289 2832 percepti-

241 2872 335 2915 onem
359 2848 527 2915 fructnum
550 2848 738 2924 earundem,
763 2867 862 2932 quam
886 2848 1043 2917 nendicat
1064 2848 1107 2912 ad
1128 2848 1289 2913 archidia-

241 2958 395 3017 conatum
410 2952 684 3017 cantuariensem
700 2950 876 3035 pertinere.
922 2948 988 3015 Sed
1010 2948 1073 3015 hoc
1095 2956 1288 3035 sequeretur

241 3054 482 3131 inconveniens,
498 3051 586 3138 quod
608 3050 734 3116 nullam
751 3050 977 3117 commendam
992 3052 1132 3138 alicujus
1146 3053 1289 3119 eeclesiae

241 3156 389 3221 vacantis
412 3156 447 3219 in
480 3154 612 3221 dioecesi
635 3158 748 3219 vestra
779 3152 920 3239 possetis
954 3153 1053 3218 alicui
1089 3154 1207 3232 facere,
1229 3178 1289 3219 ex-

241 3260 344 3345 ceptis
383 3257 524 3323 ecclesiis
547 3256 743 3323 vacantibus
784 3276 859 3341 quae
896 3261 976 3320 sunt
1012 3256 1214 3322 immediata
1253 3264 1289 3323 et

240 3366 402 3447 exemptae
421 3358 662 3445 jurisdictionis
678 3363 805 3423 vestrae.
850 3356 954 3422 Item:
977 3357 1040 3454 hac
1055 3358 1108 3423 die
1134 3358 1289 3425 Mercurii

239 3465 388 3552 proxime
421 3463 597 3550 praeterita,
621 3462 824 3527 transierunt
847 3482 906 3547 per
929 3459 1143 3528 Oantnariam
1178 3463 1288 3548 plures

240 3569 434 3655 sollempnes
457 3566 569 3632 nuntii
590 3563 691 3651 Regis
714 3562 937 3651 Portingaliae,
961 3586 1075 3629 versus
1106 3564 1288 3631 Dominum

95 3697 100 3705 -
234 3664 361 3759 Regem
384 3669 514 3755 Angliae
536 3676 747 3754 properantes
778 3671 813 3731 et
846 3666 910 3731 sibi
944 3666 1130 3733 deferentes
1164 3667 1288 3734 bonum

239 3780 272 3841 et
294 3771 492 3859 acceptabile
524 3771 689 3848 nuntium,
712 3774 752 3834 ut
783 3769 945 3835 dicebant.
1001 3770 1108 3836 Item:
1140 3771 1203 3838 hac
1233 3772 1288 3837 die

241 3876 378 3944 Sabbati
401 3874 580 3963 praeterito,
603 3873 638 3937 in
669 3873 781 3937 sonitu
804 3891 1025 3957 vesperarum,
1048 3878 1211 3938 venerunt
1244 3872 1288 3939 ad
1353 3860 1356 3868 ’

240 3984 399 4049 feretrum
409 3978 524 4045 Sancti
539 3976 673 4041 rhome
689 3974 824 4061 quidam
840 3972 974 4039 clericus
988 3978 1024 4039 et
1039 3996 1125 4038 unns
1139 3974 1287 4039 novitius

241 4086 281 4151 de
304 4082 453 4171 partibus
476 4080 644 4159 Franciae;
666 4082 701 4143 et
722 4076 874 4162 requisiti
896 4077 925 4139 si
957 4075 1083 4161 aliquid
1117 4076 1288 4142 audissent

240 4188 296 4254 des
320 4180 471 4251 Dominis
486 4180 738 4268 Archiepiscopo
761 4183 795 4243 et
815 4176 984 4264 Episcopo,
1007 4177 1135 4241 nuntiis
1150 4176 1287 4242 Domini

241 4292 342 4377 Papae
365 4290 401 4352 in
432 4286 596 4352 Franciar
651 4282 925 4367 Responderunt:
959 4279 1056 4358 Quod
1089 4279 1142 4343 die
1169 4280 1287 4345 Martis

240 4393 452 4481 praecedente,
495 4388 584 4474 ipsos
630 4384 765 4451 Parisiis
802 4382 1007 4459 dimiserunt,
1032 4386 1066 4447 et
1103 4380 1192 4446 infra
1228 4404 1284 4448 xv.

241 4498 310 4563 dies
331 4498 503 4581 sequentes
526 4490 569 4556 ad
592 4490 679 4577 ipsos
701 4487 859 4553 redibunt
889 4485 1023 4562 ibidem,
1046 4489 1081 4549 et
1111 4484 1177 4549 cito
1210 4492 1287 4570 post

240 4622 313 4665 cum
337 4596 417 4683 ipsis
439 4594 568 4659 nuntiis
602 4590 737 4656 venient
769 4589 806 4653 in
840 4586 995 4673 Angliam
1028 4585 1071 4649 ad
1104 4584 1285 4650 Dominum

241 4704 372 4789 Regem,
396 4722 437 4763 ex
461 4702 554 4781 parte
578 4694 712 4760 Domini
743 4691 850 4779 Papae,
873 4696 908 4755 et
941 4688 1040 4775 Regia
1063 4686 1220 4756 Francia.
1242 4709 1284 4755 ac

240 4803 391 4876 Dominae
401 4799 539 4889 Reginae
550 4796 681 4883 Angliae
690 4793 857 4863 destinati.
869 4791 944 4858 Alie
954 4811 1021 4855 non
1032 4792 1113 4855 sunt
1124 4788 1285 4857 relatione
