3309 5859
536 883 827 936 canruammsss.
1146 874 1210 937 399

134 1083 189 1147 qe
233 1086 297 1130 noa
331 1066 559 1155 commoignes,
582 1090 603 1133 a
636 1068 710 1135 lour
743 1076 844 1157 grant
877 1071 969 1156 peril,
993 1076 1056 1136 unt
1091 1075 1209 1156 targez,

134 1169 297 1245 restreit,
313 1175 347 1235 et
370 1169 572 1247 destourbea
595 1170 627 1235 16
649 1172 702 1237 (111
724 1170 774 1237 W.
798 1171 839 1236 (16
863 1192 923 1237 666
945 1172 1095 1258 chemyn,
1112 1177 1147 1237 61
1169 1173 1210 1236 (16

136 1287 185 1331 66
224 1276 480 1354 perseveraunte
514 1271 648 1337 volente
673 1272 714 1337 (16
748 1273 837 1337 Ι)166
869 1294 988 1352 server,
1026 1280 1062 1339 et
1092 1277 1210 1339 sovent

138 1374 288 1435 arestuz
302 1393 363 1457 par
376 1380 606 1458 procurement
622 1372 663 1440 de
678 1396 741 1439 non
756 1376 977 1462 commoignes
992 1375 1173 1451 avantditz,
1189 1395 1210 1437 a

140 1489 188 1533 sa
203 1478 308 1557 grant
329 1495 481 1553 nusance,
504 1480 617 1541 contre
634 1498 739 1555 reson,
755 1480 791 1541 et
805 1498 884 1541 sanz
900 1498 996 1541 66666
1019 1474 1209 1554 resonable3

139 1592 239 1637 nous
270 1596 353 1640 vous
382 1578 506 1661 prioms
538 1577 748 1655 chierement,
786 1578 947 1643 desicome
979 1577 1020 1643 (16
1059 1578 1130 1641 rien
1165 1596 1207 1639 ne

142 1674 299 1741 savioms
322 1677 363 1744 de
385 1677 445 1744 nul
467 1679 564 1764 point
586 1680 691 1745 (16166
714 1680 828 1745 choses
851 1680 1208 1765 6666111166666666

143 1794 239 1839 nous
256 1777 375 1841 voillez
391 1778 534 1844 certifier
555 1779 596 1844 (16
612 1779 659 1845 las
675 1801 783 1844 nouna
801 1780 835 1865 qi
851 1779 945 1845 tieux
961 1788 1209 1865 procur-amenta

145 1881 219 1941 unt
241 1876 316 1957 fuit,
338 1900 381 1943 ou
403 1901 464 1966 par
486 1902 532 1966 qy
556 1902 600 1945 ou
622 1902 683 1967 par
697 1903 816 1967 queux‚
840 1882 866 1945 il
888 1886 940 1947 est
962 1887 1083 1969 tergun,
1107 1903 1150 1947 ou
1165 1881 1208 1946 ad

146 1983 225 2043 estc
248 1986 388 2059 arestuz,
410 1987 445 2047 61
482 2004 524 2047 66
546 1982 622 2069 6661
646 1984 709 2060 166,
732 1988 768 2048 61
791 2004 876 2047 6666
906 1982 1015 2061 froms,
1038 2004 1099 2069 par
1121 1983 1208 2048 laide

147 2079 194 2145 (16
219 2081 315 2159 Dieu,
338 2082 418 2148 11616
440 2084 672 2150 6666166661
694 2106 735 2171 66
758 2085 846 2149 Dieu
869 2105 904 2150 se
920 2084 1038 2150 tendre
1060 2106 1156 2171 paye,
1171 2092 1206 2151 61
1260 2158 1266 2169 ,

146 2202 237 2247 vous
260 2188 295 2249 et
316 2205 408 2263 noua,
431 2206 492 2271 par
513 2206 610 2252 reson
632 2208 673 2251 66
705 2191 875 2272 66661666
900 2208 942 2252 66
965 2208 1048 2251 6666
1071 2193 1130 2253 661.
1177 2188 1208 2252 Α

149 2282 252 2362 11166,
268 2290 322 2352 etc.
338 2292 378 2353 ct
400 2307 517 2372 supro.

155 2813 270 2874 nostra
292 2809 516 2895 suggestione,
538 2808 735 2894 praescripta
761 2806 982 2886 considerans
1014 2807 1111 2872 nobis
1145 2807 1223 2872 vix·

155 2912 322 2988 concessit,
346 2911 387 2975 (16
409 2910 520 2997 gratia
541 2931 603 2975 sua
625 2909 769 2995 speciali,
793 2910 883 2995 quod
906 2910 1067 2995 Magister
1090 2908 1139 2974 W.
1164 2909 1205 2974 (16

157 3010 259 3090 Heth,
280 3034 341 3098 pro
363 3033 429 3097 quo
451 3012 548 3078 nobis
582 3012 771 3098 scripsistis,
794 3012 915 3076 habitu
948 3012 1135 3077 monachali
1158 3011 1204 3076 sit

157 3114 293 3180 indutus
317 3115 352 3179 in
376 3116 522 3181 Ecclesia
544 3115 713 3200 praedicta,
735 3114 798 3180 hoc
830 3136 898 3179 non
930 3114 1092 3191 obstante,
1117 3113 1205 3199 quod
1236 3126 1237 3129 ’

158 3216 226 3301 ipse
251 3216 412 3303 Magister
441 3216 493 3283 W.
516 3223 692 3302 66166666
717 3215 872 3281 habitum
903 3237 1000 3280 6666
1024 3215 1203 3281 secularem

157 3324 356 3384 transmutet
392 3319 579 3405 aspectibus
617 3319 700 3385 dicti
744 3318 882 3384 Domini
930 3315 1204 3385 Cantuariensisl

156 3424 378 3506 presentetur.
424 3420 523 3486 Unde
560 3420 670 3506 placet
700 3419 798 3485 nobis
833 3420 922 3505 quod
958 3440 1025 3497 vos,
1049 3440 1109 3505 pro
1141 3419 1205 3483 1616

158 3524 430 3589 transmutatione
460 3521 621 3601 facienda,
651 3521 693 3587 de
723 3522 860 3586 consilio
899 3522 1040 3587 fratrum
1078 3526 1204 3588 nostro-

159 3647 239 3704 rum,
268 3624 444 3711 assignetis
466 3630 594 3690 certum
626 3624 724 3700 (1166,
747 3623 914 3701 videlicet,
950 3623 1040 3688 diem
1062 3623 1204 3708 Aposto·
1302 3706 1305 3713 ¹

160 3724 261 3790 lorum
285 3725 441 3811 Symonis
463 3732 498 3791 et
519 3724 608 3790 «1616
638 3724 791 3811 proxime
825 3728 1014 3799 venturum,
1050 3745 1116 3808 quo
1151 3724 1205 3787 die

160 3828 250 3893 vobis
272 3836 307 3891 et
329 3827 444 3892 ceteris
475 3826 634 3893 fratribus
664 3826 788 3891 nostris
818 3825 1034 3911 praesentiam
1056 3830 1205 3891 nostram

162 3929 370 4016 proponimus
402 3928 564 3994 exhibere.
626 3928 700 4008 Quo
737 3928 781 3993 ad
818 3928 878 3993 1116
915 3948 990 4013 quae
1028 3927 1205 4013 scripsistis

163 4032 252 4097 nobis
283 4032 325 4096 (16
347 4032 508 4118 Magistro
538 4031 569 4096 J.
601 4031 644 4095 (16
677 4030 809 4108 Elham,
832 4030 927 4095 vobis
960 4050 1084 4115 organo
1118 4031 1205 4094 vivae

163 4134 244 4200 vocis
265 4138 387 4199 666166
409 4131 599 4218 aliqualiter
620 4131 900 4217 respondebimus.
946 4130 1076 4209 Valete,
1092 4136 1127 4195 et
1148 4152 1204 4195 va-

163 4234 244 4301 leant
281 4235 339 4320 qui
378 4256 437 4300 vos
474 4233 585 4299 valere
622 4233 813 4298 desiderant
851 4238 886 4296 et
922 4232 1043 4317 vigere.
1107 4232 1206 4297 Nova

163 4339 248 4404 vobis
278 4337 418 4404 scribere
440 4335 601 4423 temporis
622 4335 771 4401 brevitas
804 4355 872 4399 non
896 4334 1070 4421 permittit.
1127 4334 1203 4401 Dat.

164 4445 215 4507 616.

610 4641 619 4675 ¹
638 4656 688 4691 non
698 4638 766 4692 1661
