3309 5859
493 905 782 958 csnrusnmusss.
1124 892 1189 963 517

89 1095 310 1162 verentiam
350 1095 525 1183 dignitatis
563 1095 688 1162 deferre
727 1096 881 1161 volumus
914 1097 951 1161 in
984 1097 1048 1165 hac
1081 1104 1187 1185 parte,

83 1197 176 1262 sub
205 1220 311 1283 poena
345 1198 703 1276 excommunicationis,
739 1221 850 1284 quam,
881 1201 1042 1266 canonica
1077 1202 1185 1266 moni·

87 1299 210 1366 tione
247 1301 426 1387 premissa,
450 1303 487 1364 in
518 1302 739 1387 impeditores,
765 1302 1035 1385 contradictores,
1067 1309 1102 1368 et
1134 1325 1186 1369 re·

90 1402 235 1480 belles,
271 1424 403 1469 exnunc
436 1425 496 1490 pro
528 1409 660 1482 extunc,
692 1403 827 1469 ferimus
867 1406 904 1469 in
941 1405 1008 1470 hiis
1041 1407 1185 1492 scriptis,

96 1506 263 1570 easdem
297 1527 376 1572 vero
409 1527 564 1592 personas
597 1505 686 1572 dieta
709 1506 898 1592 pontificale
927 1508 1088 1593 praeditas
1110 1509 1185 1595 dig-

97 1607 241 1684 nitate,
273 1629 348 1673 cum
380 1607 567 1672 reverentia
599 1629 665 1692 qua
697 1608 800 1685 decet,
826 1608 863 1673 in
898 1609 1026 1674 virtute
1059 1616 1184 1676 sante

100 1709 332 1787 obedientiae,
355 1709 554 1794 requirimus
589 1695 744 1774 canonice
777 1716 812 1774 et
843 1731 1025 1789 monemus,
1047 1734 1090 1776 ne
1113 1734 1182 1793 vos,

103 1817 182 1877 aut
216 1817 367 1878 vestrum
401 1812 555 1897 aliquem,
579 1811 615 1874 in
649 1811 715 1875 hiis
738 1833 811 1896 quae
847 1813 942 1877 vobis
966 1819 1001 1877 et
1033 1820 1182 1879 vestrum

103 1913 263 1978 cuilibet
285 1913 321 1976 in
343 1913 406 1978 hae
432 1917 526 1998 parte
550 1912 787 1976 committimus
819 1914 1024 1999 exequenda,
1047 1937 1183 2000 quomo·

106 2017 251 2082 delibet
285 2017 471 2104 impediant
502 2037 560 2079 seu
592 2015 802 2100 perturbent,
825 2016 884 2081 sed
919 2018 1015 2082 vobis
1039 2018 1076 2081 in
1098 2040 1184 2104 pree-

113 2121 237 2184 missis
275 2125 415 2206 pareant
453 2123 487 2184 et
509 2118 724 2198 'intendant;
762 2118 846 2184 alias
880 2125 997 2185 contre
1028 2143 1185 2206 personas

112 2223 268 2299 easdem,
283 2223 312 2286 si
335 2221 537 2287 contrarium
552 2207 698 2298 fecerint,
714 2221 755 2285 de
779 2242 846 2306 quo
869 2222 965 2287 nobis
988 2228 1187 2308 potestatem

115 2324 350 2389 omnimodam
395 2323 638 2387 reservavimus
672 2327 775 2407 prout
813 2323 916 2387 etiam
954 2327 1068 2387 tenore
1100 2346 1186 2409 prae·

118 2427 274 2492 sentium
308 2446 523 2500 reservamus,
557 2425 693 2510 gravius
724 2431 824 2510 prout
863 2424 1018 2490 suadebit
1049 2426 1187 2509 justitia

116 2530 317 2618 processuri.
364 2529 409 2593 Et
442 2527 483 2592 de
514 2527 579 2592 hiis
602 2549 676 2612 quae
707 2527 853 2593 feceritis
875 2527 911 2591 in
933 2529 1125 2614 praemissis,
1148 2551 1187 2594 ac

120 2637 167 2700 de
200 2633 389 2700 nominibus
423 2631 667 2716 impeditorum,
691 2631 997 2710 contradictorum‚¹
1019 2637 1055 2697 et
1077 2632 1185 2697 rebel-

118 2739 219 2816 lium,
256 2759 295 2802 ac
325 2735 537 2811 monitorum,
570 2755 640 2811 nos,
672 2754 747 2798 cum
785 2755 848 2820 pro
885 2740 982 2820 parte
1020 2735 1185 2801 dictorum

126 2840 355 2926 religiosorum
387 2837 519 2902 fueritis
554 2835 717 2921 requisiti,
749 2835 931 2902 certificare
963 2839 1087 2903 curetis
1126 2859 1187 2924 per

128 2945 258 3008 vestras
291 2941 421 3005 litteras
452 2943 614 3024 patentes.
660 2937 749 3002 Data
772 2937 955 3002 Londoniis
986 2939 1049 3003 sub
1072 2939 1185 3024 sigillo

126 3064 195 3130 quo
228 3041 354 3105 utimur
384 3040 421 3103 in
440 3037 561 3104 *officio
586 3037 809 3103 nuntiationis
831 3043 965 3118 nostrae,
988 3039 1042 3104 die
1066 3040 1184 3105 tertia·

126 3145 255 3212 decima
277 3143 399 3208 mensis
423 3140 634 3220 Novembris,
657 3162 746 3206 anno
769 3141 909 3205 Domini
932 3141 1182 3207 mcccxxxrsd0.

129 3305 446 3374 484.-Psocrssus
484 3304 621 3369 Domui
660 3301 810 3381 Icusnn,
849 3319 924 3368 uua
963 3320 1038 3368 cuir
1076 3319 1182 3367 nour·
1222 3323 1329 3374 rrum.

284 3421 447 3471 neamus
485 3420 605 3469 sacris
638 3421 677 3468 ‚m
709 3405 880 3468 Eccrssm
915 3401 1181 3469 Orurumrnusr
1213 3393 1332 3507 ugffid

282 3526 343 3574 mn
365 3508 524 3572 Vannius
547 3521 707 3570 Proxima
740 3520 832 3570 sura
867 3521 1003 3570 essruu
1037 3471 1328 3590 Penni-puna.

284 3627 445 3676 ciricius
512 3609 640 3674 Basra
702 3607 843 3685 Manus,
887 3622 984 3672 suno
1041 3608 1179 3673 Dounu
1194 3655 1224 3707 L·
1237 3593 1319 3706 {gg}

284 3711 529 3791 mcccxxxndo,
564 3727 607 3774 ur
644 3723 702 3774 sn
751 3725 966 3775 uonnrouas
1018 3727 1184 3776 raucum

284 3816 459 3880 Domuum
482 3813 515 3878 S.
533 3815 859 3891 Aacsrmrscorun,
875 3829 942 3877 rra
964 3829 1053 3888 curs
1069 3827 1184 3876 noun-

283 3933 353 3982 rua
384 3932 450 3980 sus
489 3931 601 3978 nurus
640 3929 885 3978 susrcusroms
925 3929 971 3977 aa
1015 3929 1186 3977 meanssu

284 4033 455 4083 recussis
474 4032 516 4080 nr
531 4030 556 4079 s
571 4031 719 4091 munus,
735 4029 780 4078 ac
804 4029 1188 4092 nxcounuummroms,

284 4136 330 4186 ur
353 4132 572 4182 ssmsmcrsr
603 4115 940 4180 Aucusrmuusmus
972 4131 1020 4178 nn
1050 4131 1189 4178 semm-

283 4237 408 4286 cnuris
441 4235 556 4283 amnis
594 4231 867 4282 sruemneoauu
906 4229 1014 4279 rurus
1050 4231 1187 4280 rannus

281 4337 448 4387 INFERIUS
472 4335 677 4384 Lml'rsruM.

182 4461 378 4527 Reverendis
413 4461 449 4524 in
486 4457 621 4524 Christo
659 4456 813 4542 patribus
852 4455 953 4540 (sicut
990 4453 1026 4519 in
1064 4455 1185 4520 litteris
1198 4495 1252 4546 The
1263 4509 1333 4546 „me

138 4561 388 4652 praecedentibus
413 4581 516 4646 usque
539 4559 581 4624 ad
609 4557 732 4623 verba:
757 4557 945 4624 secandum
970 4557 1030 4623 eui
1052 4556 1186 4644 ceipen-
1197 4563 1289 4627 junges
1301 4575 1345 4613 are

141 4667 222 4734 tium
240 4664 391 4731 civiliter
412 4663 622 4748 coequatur),
645 4682 688 4726 ex
711 4665 807 4747 parte
829 4665 955 4738 nostra,
980 4661 1136 4727 canonice
1152 4668 1186 4730 et
1197 4629 1352 4747 mm

424 4818 431 4851 ¹
450 4817 647 4886 impedientium,
658 4815 906 4871 contradicentium?
