3309 5859
394 933 458 997 loa
845 944 977 993 amma

221 1151 350 1213 ‹leeliniug
396 1154 453 1195 vos
477 1131 606 1217 plenius
629 1132 795 1217 cogitare3
817 1132 958 1195 scientes
980 1130 1069 1215 quod
1092 1128 1211 1195 Comes
1243 1128 1389 1194 Boloniae
1410 1134 1443 1190 et

221 1219 367 1334 eppnpnplee-
396 1234 539 1298 ministri
564 1234 643 1319 ejus,
666 1240 700 1297 ct
738 1232 796 1299 olii
835 1234 938 1319 ipsius
972 1232 1114 1298 Comitis
1152 1232 1260 1297 locum
1284 1237 1443 1304 tenentes,

218 1354 333 1415 Journey.
396 1336 562 1421 quamcito
578 1336 736 1399 veneritis
760 1334 884 1400 ibidem
899 1334 1094 1399 arestabunt
1115 1356 1215 1421 equos
1238 1340 1273 1398 et
1294 1333 1445 1398 hernesio

396 1446 430 1503 ct
467 1438 532 1504 alia
581 1440 668 1504 bona
713 1445 825 1503 vestra
870 1460 1085 1523 quaecunque‚
1131 1459 1303 1523 quousque
1348 1436 1443 1501 satis-

394 1542 539 1608 feceritis
579 1543 668 1608 dicto
708 1542 843 1619 comiti,
865 1541 921 1607 vel
959 1542 1067 1607 locum
1100 1542 1204 1629 ipsius
1236 1541 1376 1615 tenenti,
1405 1539 1444 1603 de

395 1668 516 1733 magna
550 1668 679 1711 summa
717 1646 865 1732 pecunia
898 1666 998 1731 quam
1037 1645 1151 1732 exiget
1183 1666 1203 1710 a
1234 1642 1339 1721 vobis,
1362 1643 1445 1707 sicut

395 1752 525 1837 exigere
549 1748 757 1814 consuevita
779 1748 930 1834 quolibet
944 1748 1199 1835 Arehiepisoopo
1215 1745 1445 1814 Cantumiensi

394 1854 430 1917 in
453 1854 560 1939 primo
582 1852 731 1917 adventu
769 1874 828 1917 suo
864 1851 997 1931 ibidem,
1019 1873 1080 1939 pro
1109 1850 1263 1917 habenda
1293 1850 1445 1915 libertate

393 1964 428 2023 et
450 1956 671 2033 immunitate,
693 1954 737 2021 ad
760 1962 866 2021 totam
889 1957 996 2021 vitam
1020 1956 1124 2041 ipsius
1147 1954 1402 2041 Archiepiscopi‚
1425 1975 1445 2018 c

393 2059 605 2145 praestatione
638 2057 782 2124 thelonei
816 2064 851 2123 et
883 2058 1025 2123 alierum
1048 2056 1340 2134 consuetudinum,
1363 2076 1444 2140 quas

393 2161 482 2247 aqrud
506 2160 695 2245 Whytsend
719 2166 753 2225 et
773 2160 946 2225 Boloniam
969 2182 990 2225 a
1012 2159 1264 2225 transeuntibus
1286 2157 1446 2243 exigunt3

394 2272 428 2327 ct
462 2284 500 2327 ea
535 2263 701 2327 occasione
736 2262 904 2327 habebitis
941 2262 1082 2327 colorem
1116 2260 1299 2327 excusandi
1322 2282 1382 2323 vos
1403 2259 1445 2323 ab

394 2364 586 2449 hujusmodi
609 2364 727 2428 itincre
751 2362 950 2450 arripiendo.
998 2364 1044 2428 Et
1066 2362 1202 2429 siomni
1216 2362 1316 2427 modo
1338 2368 1445 2427 trans·

395 2466 443 2532 ire
479 2466 615 2541 debetis,
644 2465 781 2551 expedit
804 2466 894 2552 quod
916 2466 1132 2551 praemittatis
1154 2464 1245 2551 apud
1267 2463 1444 2529 Whitsand

394 2569 522 2653 aliquos
546 2568 586 2633 de
622 2568 741 2632 vestris
764 2568 807 2633 ad
840 2567 1052 2633 tractandum
1075 2576 1110 2632 et
1132 2566 1324 2631 faciendum
1346 2566 1443 2629 finem

395 2694 470 2737 eum
494 2671 655 2735 ministris
678 2670 760 2735 dieti
784 2670 924 2736 Comitis
962 2691 1061 2756 super
1098 2670 1284 2755 premissis.
1331 2667 1445 2732 Valete

396 2780 430 2839 et
468 2773 579 2837 valeat
611 2778 723 2837 vestra
761 2772 850 2836 salus
887 2771 923 2834 in
961 2771 1178 2857 prosperitate
1216 2770 1314 2835 felici.
1370 2769 1444 2833 Dat

397 2877 491 2941 Cant.
528 2878 629 2939 v1uv⁰
657 2874 711 2939 die
750 2874 934 2951 Februarii,
956 2894 1044 2938 enno
1085 2873 1162 2938 Dni.
1209 2874 1443 2938 ucecxxuut‘.

400 2979 510 3053 letam,
545 2984 649 3063 pater,
688 2977 839 3041 cedulam
879 2998 947 3041 non
989 2975 1132 3061 aspiciat
1153 2976 1268 3040 oculus
1312 2975 1442 3053 alienus,

396 3084 531 3167 proptor
553 3080 662 3143 varios
686 3100 795 3143 rerum
819 3083 967 3143 eventus.

224 3483 254 3533 n.
269 3479 347 3532 raso.
467 3468 885 3539 147.-Dsrssrxusnr0
911 3467 1081 3532 Msorsrnr
1104 3468 1144 3532 Α.
1171 3482 1219 3532 ns
1249 3466 1381 3532 Bsueo.

260 3598 335 3659 (Feb.

260 3666 345 3723 1325.)

224 3784 280 3835 The
291 3785 374 3849 Prior,

224 3852 282 3903 who
293 3852 340 3901 has

224 3922 344 3997 beenrp-
399 3940 457 3983 sno
480 3940 533 3981 me
571 3914 755 4002 specialiter
786 3914 973 3978 nominavit
994 3912 1038 3977 ad
1072 3914 1294 3979 ordinandum
1324 3920 1446 3982 certum

223 3990 504 4103 {iihhibmfloeum
528 4020 579 4085 sui
602 4018 743 4104 corporis
766 4016 954 4102 sepulturae,
970 4022 1005 4080 et
1026 4015 1067 4080 de
1102 4017 1256 4103 expensis
1276 4018 1447 4084 funcrmiis

224 4120 374 4237 Egflgssffis
398 4121 602 4188 solummodo
645 4118 847 4195 ordinandis,
879 4124 992 4182 temen
1030 4118 1066 4181 in
1104 4118 1179 4183 eliis
1210 4124 1445 4186 testamentum

225 4254 260 4303 Α,
273 4255 305 4303 ue
400 4248 496 4291 suum
529 4222 799 4309 contingentibus
822 4243 875 4285 me
913 4242 981 4285 non
1014 4221 1191 4286 constituit
1224 4229 1448 4299 executorem

226 4320 330 4448 ffiffn
343 4386 371 4434 or
400 4336 434 4395 et
457 4329 534 4394 licet
571 4348 623 4391 me
658 4325 791 4389 unicum
830 4330 865 4388 et
902 4322 1113 4409 singularem,
1135 4324 1205 4390 sive
1237 4346 1340 4389 unum
1376 4348 1448 4393 cum

223 4452 361 4503 saluus
400 4433 474 4498 aliis
512 4428 740 4496 constituisset
778 4432 997 4503 executorem,
1021 4448 1192 4512 nunquam
1231 4428 1272 4493 de
1294 4430 1449 4493 adminis-

223 4519 372 4635 :fffflff
401 4535 546 4599 tratione
585 4531 745 4595 bonorum
784 4529 866 4593 dicti
905 4528 1057 4594 defuncti
1095 4552 1148 4594 me
1186 4530 1451 4597 intromitterem.

225 4652 366 4713 Convent),
401 4637 445 4701 Et
482 4634 551 4700 haee
589 4639 683 4719 pater
717 4630 897 4695 reverende
928 4631 1023 4695 vobis
1059 4633 1205 4710 notifico,
1228 4640 1263 4698 et
1300 4636 1450 4701 omnibus

224 4718 365 4835 fflgm
399 4736 628 4803 executoribus
652 4735 687 4798 in
711 4732 798 4798 dicto
833 4738 1032 4798 testamento
1066 4735 1254 4813 nominatio,
1275 4758 1315 4801 ac
1353 4738 1448 4802 etiam

224 4852 268 4901 the
280 4848 359 4901 office.
399 4840 472 4905 aliis
495 4840 745 4925 quibuscunque
769 4857 910 4921 quorum
940 4837 1080 4902 interest
1102 4838 1177 4904 volo
1207 4840 1363 4906 similiter
1384 4862 1451 4908 esse

446 3710 514 3774 Suo
529 3708 626 3795 patri,
642 3708 677 3771 id
700 3706 789 3792 quod
811 3704 953 3770 devotus
968 3704 1059 3770 filius
1081 3706 1145 3771 scit
1161 3713 1196 3772 et
1218 3706 1334 3793 possit.
1356 3708 1445 3773 Licet

401 3812 561 3899 Magister
583 3814 622 3878 A.
647 3810 688 3876 de
711 3812 833 3897 Brugg,
857 3830 963 3895 nuper
985 3808 1172 3888 defunctus,
1188 3810 1225 3874 in
1248 3816 1445 3876 testamento
