3309 5859
438 899 504 964 264
869 913 1002 962 urrann
1103 905 1107 912 ’

436 1097 637 1166 Natiuitatis
659 1101 804 1178 Domini,
826 1101 1000 1188 persolvat.
1047 1101 1149 1167 Salva
1179 1101 1315 1186 insuper
1337 1099 1375 1190 in
1399 1096 1497 1160 dicta

435 1201 570 1266 ecclesia
599 1209 761 1288 perpetua
791 1203 917 1268 vicama
953 1203 1065 1289 (quam
1088 1225 1129 1268 ex
1161 1223 1251 1268 nunc
1284 1202 1493 1270 ordinamus,

434 1309 515 1368 tunc
548 1305 681 1369 demum
713 1306 849 1370 cedente
884 1305 935 1370 vel
969 1305 1146 1370 decedente
1177 1311 1303 1370 rectore
1336 1300 1491 1387 ejusdem

434 1405 585 1472 effectum
615 1403 786 1490 habitura)
809 1413 843 1472 et
875 1427 1020 1494 congrua
1042 1409 1195 1493 porcione
1227 1429 1328 1492 quam
1351 1405 1396 1470 ad
1429 1403 1490 1466 dc·

434 1529 503 1574 cem
536 1531 660 1576 marcas
692 1511 935 1596 sterlingorum,
969 1516 1131 1595 quantum
1166 1511 1207 1574 ad
1243 1511 1388 1576 decimas
1419 1505 1486 1571 sol·

433 1614 557 1678 vendas
595 1635 669 1678 cum
707 1614 909 1700 contigerint
947 1619 981 1680 et
1019 1613 1084 1678 alia
1118 1635 1218 1679 onera
1252 1612 1484 1679 incumbencia

434 1715 614 1792 subeunda,
636 1722 799 1794 mamus,
833 1738 890 1802 pro
924 1717 1046 1782 sicario
1078 1723 1236 1802 perpetuo
1267 1715 1400 1792 ibidem,
1423 1736 1482 1800 per

433 1839 493 1882 nos
515 1823 551 1882 et
572 1839 769 1884 successores
799 1823 928 1883 nostros
950 1819 993 1883 ad
1017 1823 1160 1883 vestram
1191 1817 1479 1904 praesentacionem

432 1919 657 1998 instituend0;
687 1941 787 2006 quam
809 1921 997 2006 porcionem
1022 1921 1057 1984 in
1080 1920 1216 1986 decimis
1246 1919 1338 1984 silvae
1361 1919 1477 1992 caedue,

432 2021 599 2108 pannagii,
621 2021 712 2098 foeni,
734 2021 893 2108 herbagii,
925 2021 996 2098 lini,
1018 2021 1149 2098 canibi,¹
1183 2022 1285 2098 iactis
1309 2021 1412 2086 butiri
1444 2026 1478 2084 et

431 2124 526 2202 casei,
556 2123 641 2189 lause
675 2147 845 2211 agnorum,
880 2125 1072 2202 vitulorum,
1102 2147 1267 2202 aucarum,
1299 2145 1476 2212 pomorum,

431 2226 665 2304 columbarum,
681 2227 956 2304 molendinorum,
972 2227 1195 2314 piscariarum,
1211 2228 1478 2314 aucupacicnum,

430 2329 708 2416 negociacionum,
731 2337 766 2395 et
795 2329 871 2396 aliis
901 2331 1042 2395 minutis
1073 2329 1219 2406 decimis,
1241 2351 1371 2398 necnon
1394 2350 1475 2393 mor·

431 2431 549 2496 tuariis
572 2432 716 2498 ecclesias
749 2433 875 2518 legatis,
899 2437 934 2497 et
957 2431 1194 2510 oblacionibus,
1218 2453 1258 2498 ac
1279 2429 1473 2518 competenti

429 2555 505 2598 area
527 2534 564 2598 in
594 2535 664 2600 solo
695 2535 737 2600 ad
772 2535 964 2621 praedictam
999 2535 1168 2600 ecclesiam
1199 2535 1395 2622 pertinente,
1417 2555 1473 2620 per

429 2657 489 2701 nos
523 2637 725 2724 designanda
762 2645 797 2700 et
829 2636 1015 2714 limitanda,
1047 2641 1082 2702 et
1120 2659 1178 2722 per
1208 2657 1268 2702 vos
1298 2659 1358 2723 pro
1388 2656 1474 2700 mora

430 2738 546 2804 vicarii
568 2739 676 2824 prima
708 2739 781 2803 vice
811 2743 1038 2824 competenter
1070 2739 1277 2815 aedificanda,
1300 2739 1470 2804 consistere

429 2841 590 2916 volumus,
612 2847 646 2906 et
668 2846 827 2927 perpetuo
850 2841 968 2906 debere
998 2841 1177 2908 consistere
1199 2841 1235 2906 in
1257 2842 1323 2906 hiis
1346 2841 1470 2928 scriptis

429 2943 616 3020 statuimus,
648 2942 837 3020 diffinimus,
865 2949 899 3008 et
933 2943 1142 3010 declaramus.
1191 2945 1343 3010 Vicarius
1375 2944 1468 3028 siqui-

428 3043 502 3108 dem
527 3045 584 3128 qui
606 3066 667 3131 pro
698 3049 845 3130 tempore
880 3045 984 3110 fuerit
1014 3045 1115 3110 libros
1150 3045 1255 3132 ligari,
1278 3047 1470 3112 vestimenta

427 3145 543 3224 lavari,
566 3149 720 3233 reparari,
743 3153 779 3212 et
809 3147 900 3214 refici
932 3147 1032 3213 faciet
1067 3149 1222 3234 quociens
1252 3171 1335 3235 opus
1357 3149 1470 3228 frierit;

429 3270 557 3334 panem,
580 3249 706 3326 vinum
729 3256 763 3315 et
786 3271 895 3315 cereos
926 3251 1180 3334 processionales
1210 3257 1245 3316 et
1279 3251 1347 3317 alia
1377 3253 1468 3317 lumi-

427 3350 522 3416 naria
551 3351 587 3415 in
617 3351 762 3418 cancello
799 3351 990 3428 necessaria,
1021 3359 1055 3416 et
1092 3357 1265 3418 consuetos
1299 3355 1469 3430 ministros,

426 3461 496 3518 tam
527 3453 564 3517 in
597 3454 733 3519 ecclesia
765 3455 805 3518 de
831 3453 1036 3519 Westerham
1076 3476 1174 3540 quam
1207 3455 1242 3520 in
1277 3457 1402 3543 capella
1431 3457 1468 3522 de

430 3556 693 3644 Edulwesbrugg
714 3559 757 3622 ab
779 3558 893 3623 eadem
925 3557 1143 3643 dependente,
1167 3559 1325 3639 inveniet,
1349 3566 1383 3624 et
1405 3561 1468 3624 suis

426 3661 613 3745 sumptibus
629 3661 825 3746 providebit.
865 3661 988 3725 Demos
1010 3661 1112 3726 eciam
1136 3661 1269 3727 vicariae
1292 3685 1368 3739 suae,
1385 3669 1468 3750 post·

425 3783 524 3846 quam
557 3784 616 3848 per
647 3785 705 3828 vos
735 3764 844 3849 prima
874 3763 947 3828 vice
981 3762 1107 3828 luerint
1138 3765 1320 3842 aedilicatae,
1344 3787 1467 3831 conser-

425 3863 519 3927 vabit
541 3868 576 3928 et
598 3864 776 3929 sustinebit
806 3864 997 3949 sumptibus
1019 3865 1095 3928 suia.
1143 3865 1413 3932 Octhedraticum
1434 3873 1467 3931 ct

423 3966 687 4050 procuracionem
732 3966 1027 4033 archidiaconalem
1074 3967 1252 4032 insolidum
1299 3971 1467 4054 persolvet.

424 4066 594 4133 Decimam
628 4089 706 4132 vero
739 4073 774 4132 et
807 4067 874 4132 alio
911 4089 1010 4132 onera
1048 4070 1311 4136 extraordinaria
1345 4073 1467 4138 incum-

425 4169 541 4234 bencia
562 4191 620 4233 seu
651 4171 850 4254 imponenda
873 4191 933 4255 pro
956 4178 1031 4236 rata
1064 4173 1227 4256 porcionis
1257 4195 1334 4250 suae,
1357 4197 1466 4241 secun·

424 4271 503 4336 dum
553 4272 761 4336 taxacionem
811 4273 1013 4357 praedictam,
1052 4273 1179 4339 subibit
1227 4281 1261 4339 et
1308 4283 1466 4362 agnoscet.

424 4374 502 4439 Alia
532 4381 643 4438 sautem
677 4395 777 4438 onera
808 4375 976 4440 ordinaria
1010 4375 1196 4453 insolidum,
1220 4384 1255 4442 et
1287 4381 1467 4446 extraordi-

423 4477 517 4542 naria
539 4498 598 4562 pro
621 4481 694 4541 rata
716 4477 879 4562 porcionis
902 4482 1032 4550 vestrae,
1056 4499 1155 4562 quum
1177 4480 1221 4544 ad
1251 4481 1467 4568 quadraginta

422 4601 546 4646 marcas
591 4579 803 4654 aestimamus,
841 4580 960 4644 vestris
1005 4581 1191 4666 sumptibus
1236 4583 1395 4650 subibitis
1436 4591 1468 4651 et

420 4682 604 4768 agnoscetis
634 4682 886 4766 imperpetuum.
933 4681 1152 4748 Reservamus
1183 4685 1286 4750 eciam
1317 4688 1413 4752 nobis
1434 4694 1467 4753 et

879 4858 886 4888 ¹
902 4857 944 4908 Sic
958 4859 1012 4910 MS.
