3309 5859
361 925 405 988 30
804 937 949 988 amnas.

191 1123 291 1174 01&st
359 1129 473 1188 noster
492 1121 664 1190 lohannes
687 1124 855 1210 quondam
879 1123 997 1190 (lomes
1020 1122 1205 1202 Warennoe,
1228 1123 1287 1210 qui
1313 1107 1424 1188 nobis

192 1189 331 1306 xffi'
359 1229 395 1290 ot
424 1246 525 1310 regno
556 1230 670 1292 nostro
700 1245 830 1312 semper
852 1225 945 1291 utilis
977 1225 1093 1291 extitit
1115 1231 1151 1290 ct
1182 1225 1296 1303 fidelis,
1319 1224 1413 1289 viam

358 1327 521 1393 univcraae
552 1329 661 1394 camis
690 1327 770 1414 jam,
794 1328 882 1394 sicut
916 1327 1088 1394 Altissimo
1120 1326 1256 1414 placuit,
1279 1326 1325 1392 sit
1358 1326 1413 1390 in·

356 1452 497 1518 gressus,
519 1432 608 1517 quod
639 1431 733 1498 vobis
756 1452 825 1496 non
847 1432 919 1497 sine
942 1433 1049 1497 oordis
1079 1432 1302 1498 amaritudine
1324 1450 1413 1494 nun-

357 1533 490 1614 tiamus,
513 1534 748 1620 paternitatem
783 1539 930 1600 vestram
964 1533 1151 1600 affectuosis
1181 1534 1333 1621 precibus
1360 1553 1414 1597 re·

359 1637 520 1721 quirimus
542 1643 576 1702 et
591 1658 754 1724 rogamus,
769 1638 928 1722 quatinus
951 1637 1097 1703 animam
1119 1637 1253 1725 praefati
1269 1635 1412 1703 Comitis

358 1739 561 1826 aroligiosis
583 1745 618 1804 et
650 1737 726 1806 aliis
748 1739 976 1806 ecclesiasticis
1011 1740 1102 1819 viris,
1125 1739 1266 1805 subditis
1289 1737 1412 1804 vestris

358 1860 417 1926 per
449 1847 556 1906 totam
587 1844 731 1906 vestram
768 1841 935 1907 dioecesim
959 1846 993 1907 et
1022 1846 1168 1908 vestram
1192 1840 1414 1908 Cantuarien-

357 1964 426 2007 sem
456 1942 659 2029 provinciam
690 1941 891 2018 constitutis,
922 1964 981 2030 per
1010 1943 1184 2008 missamm
1216 1940 1413 2028 sollempnia

358 2050 393 2110 ct
414 2045 556 2112 aliarum
579 2045 765 2112 orationum
796 2043 955 2132 suffragia
975 2045 1108 2112 faciatis
1137 2044 1262 2111 diviuae
1284 2044 1413 2110 miseri·

358 2146 478 2214 cordiae
514 2145 760 2227 commendari;
798 2153 926 2212 vestras
971 2169 1071 2234 super
1108 2145 1171 2214 hoc
1208 2146 1338 2214 litteras
1375 2150 1413 2212 et

358 2247 517 2314 mandata
545 2247 761 2335 suffraganeis
791 2247 922 2327 vestris,
946 2248 1117 2336 Episcopis
1140 2253 1175 2314 et
1204 2247 1279 2314 aliis
1309 2269 1412 2334 penes

359 2373 441 2437 quos
483 2350 639 2438 expedire
676 2349 838 2428 videritis,
871 2349 1022 2418 celeriter
1071 2351 1252 2440 dirigendo.
1313 2351 1413 2416 Teste

359 2455 484 2540 meipso
514 2453 604 2540 apud
627 2452 765 2533 Thresk,
788 2457 907 2540 quarto
939 2453 994 2520 die
1018 2453 1170 2520 Octobris
1199 2474 1287 2521 anno
1316 2453 1413 2541 regni

360 2557 465 2622 nostri
487 2555 644 2642 xxxijdoss’

404 2659 490 2725 (lom
511 2659 624 2744 itaqua
646 2659 765 2745 regalis
795 2658 964 2737 instantia,
987 2659 1098 2725 fervor
1129 2659 1192 2726 aeli
1214 2679 1311 2746 quem
1342 2658 1412 2726 dio·

359 2766 432 2825 tum
470 2759 615 2825 nobilem
652 2760 774 2825 scimus
809 2781 889 2846 erga
926 2781 997 2826 rem
1035 2759 1201 2846 publicam
1245 2760 1412 2838 habuisse,

359 2865 465 2950 pictas
498 2867 534 2928 ct
563 2862 744 2949 compassio
774 2883 858 2948 quas
890 2861 1054 2928 defunctis
1088 2863 1253 2943 debemus,
1282 2885 1411 2930 necnon

359 2963 508 3050 specialis
530 2963 661 3030 affectio
682 2986 783 3051 quam
805 2965 935 3050 experti
965 2986 1080 3047 sumus
1102 2965 1138 3029 in
1161 2965 1311 3052 pluribus
1333 2989 1413 3054 erga

359 3089 419 3131 nos
449 3065 558 3153 ipsum
596 3065 744 3150 gessisse,
780 3086 913 3130 movere
951 3087 1010 3132 nos
1050 3065 1192 3132 debeant
1224 3072 1263 3132 ut
1301 3067 1412 3154 ipsum

359 3168 552 3234 defunctum
597 3168 761 3256 suffragiis
805 3167 1033 3236 ecclesiasticis
1072 3169 1278 3255 adjuvemus,
1316 3169 1411 3234 vobis

359 3273 597 3340 committimus
619 3277 654 3336 et
676 3269 882 3349 mandamus
906 3271 1065 3356 quatinus
1095 3272 1131 3336 in
1155 3271 1245 3338 dicta
1275 3273 1412 3338 ecclesia

358 3379 472 3439 nostra
501 3374 697 3460 sollempnes
730 3373 896 3458 exequias,
919 3373 1043 3450 missos,
1068 3379 1102 3440 et
1134 3375 1298 3440 orationes
1326 3375 1410 3441 alias

358 3496 418 3563 pro
440 3476 551 3542 anima
574 3475 655 3542 dicti
679 3475 827 3554 defuncti
851 3481 886 3542 et
907 3477 1080 3542 animabus
1103 3477 1250 3542 omnium
1274 3477 1411 3545 deiunc-

358 3585 469 3645 torum
492 3578 664 3646 celebretis
695 3583 730 3644 ct
751 3577 882 3645 faciatis
913 3577 1070 3646 celebrari
1093 3579 1221 3655 devote.
1245 3585 1279 3646 ct
1301 3585 1412 3649 catera

357 3681 430 3748 fieri
461 3703 520 3767 per
537 3701 627 3766 ·quae
657 3679 777 3744 animas
814 3679 978 3746 dictorum
1017 3679 1250 3746 defunctorum
1288 3683 1410 3748 sentire

359 3783 493 3850 valeant
522 3783 717 3849 relevamen.
764 3781 891 3848 Datum
923 3783 1014 3869 apud
1036 3782 1223 3870 Wengham
1251 3784 1317 3871 xijo
1341 3785 1409 3851 Ka·

358 3883 474 3949 leudos
504 3882 714 3960 Novembris,
744 3903 833 3948 anno
857 3881 934 3948 Dni.
965 3899 1063 3949 uoco.
1093 3889 1220 3970 quarto,
1244 3905 1411 3952 consecra-

359 3987 459 4052 tionis
481 3990 601 4052 nostrae
626 3984 807 4051 undecimo.

612 4269 1154 4340 37.-Dacaocansomcms1.
1283 4277 1286 4282 '

196 4454 269 4512 carc
280 4457 346 4506 Ant.
404 4442 568 4510 Robertus
602 4437 816 4527 permissione
854 4437 970 4503 divina
1007 4437 1256 4506 Cantuaricnsis
1293 4443 1411 4510 Archi·

190 4591 245 4642 The
258 4587 330 4639 Prior
358 4545 537 4633 episcopus,
560 4547 619 4609 etc
643 4539 764 4606 dilecto
786 4539 856 4604 lilio
880 4538 985 4604 Priori
1009 4539 1163 4608 Ecclesiae
1186 4549 1309 4611 nostrae
1324 4547 1411 4612 Oan-

191 4651 340 4720 isrequired
359 4647 535 4715 tuariensls
565 4643 716 4719 salutem,
739 4646 800 4707 etc.
847 4640 935 4721 Quia
964 4642 1190 4710 intelleximus
1211 4647 1298 4732 quod
1322 4648 1410 4716 Ebo-

190 4723 279 4840 fflf
358 4746 500 4816 recensis
537 4745 811 4831 Archicpiscopus
849 4743 885 4808 in
929 4743 1023 4810 brevi
1059 4747 1103 4811 ad
1141 4749 1273 4834 propria
1297 4752 1410 4820 redire

190 4854 319 4922 buhopto
358 4851 521 4944 proponit,
559 4852 593 4914 et
636 4868 696 4935 per
732 4846 899 4914 dioeoesim
937 4852 1083 4915 nostram
1121 4871 1160 4918 ac
1196 4851 1411 4937 provinciam,
