3309 5859
546 940 837 993 carrusmnnsns
1154 926 1219 997 357

149 1126 274 1212 quitor
294 1131 588 1214 praesumpserunt‚
610 1097 647 1192 in
669 1127 898 1221 Alexandrum
932 1128 1032 1194 etiam
1067 1128 1097 1193 le
1128 1127 1216 1194 Orek
1230 1142 1258 1191 of
1270 1144 1356 1223 (aa.

147 1228 324 1306 clericum,
338 1230 503 1296 dictorum
524 1230 751 1316 religiosorum
765 1231 964 1297 servientem
986 1231 1031 1297 ad
1052 1252 1216 1317 exequen-
1228 1210 1392 1336 fflssiff'm

150 1330 242 1394 uum
260 1331 339 1417 jura
361 1336 397 1397 a
411 1332 580 1398 uberem
603 1332 701 1399 siosae
718 1325 871 1399 nsuesiae
886 1333 930 1399 as
952 1333 1033 1421 ipss
1055 1333 1215 1419 rengeoss
1228 1306 1323 1392 usui
1336 1351 1363 1393 to

149 1432 367 1518 deputatum,
405 1432 548 1499 officium
585 1456 683 1499 suum
717 1434 753 1498 in
785 1457 824 1501 ea
858 1441 952 1522 parte
987 1440 1214 1521 exequentem,
1228 1411 1378 1539 {ffl'gejs‘fg'

153 1556 280 1600 manus
310 1539 494 1624 injecerunt
515 1544 637 1603 temere
660 1538 830 1615 violentos,
854 1544 988 1625 propter
1025 1539 1115 1625 quod
1147 1560 1214 1604 non
1228 1540 1332 1593 bethsa

152 1645 210 1705 est
234 1641 372 1707 dubium
405 1642 559 1728 praefatos
582 1640 776 1719 lohannem,
802 1639 1018 1718 Willelmum,
1048 1645 1084 1705 et
1105 1640 1211 1727 Rege·
1226 1610 1330 1738 m„

152 1743 256 1821 rium,
298 1744 477 1810 sententias
515 1742 863 1810 excommunicationis
900 1741 1041 1826 majoris,
1080 1748 1148 1808 tam
1190 1741 1300 1808 athen.

156 1845 261 1911 dictis
290 1846 441 1933 patribus
463 1868 562 1933 quam
585 1868 606 1912 a
628 1867 751 1911 canone
774 1845 911 1931 provide
935 1845 1028 1922 latas,
1053 1844 1213 1931 dampna-

156 1948 277 2014 biliter
298 1950 483 2026 incurrisse,
505 1950 541 2013 iu
571 1949 758 2015 animarum
788 1970 921 2014 suarum
953 1966 1055 2033 grave
1087 1948 1214 2033 pericu-

157 2049 240 2127 lum,
263 2051 491 2137 dictorumque
513 2051 747 2137 religiosorum,
779 2054 814 2115 et
847 2048 1001 2115 Ecclesia
1036 2071 1105 2115 sua
1127 2072 1215 2138 prae·

158 2153 268 2231 dictae,
299 2175 338 2219 ae
371 2154 475 2240 ipsius
507 2152 624 2231 clerici,
657 2152 898 2240 praejudicium,
931 2152 1111 2238 dampnum
1149 2174 1217 2217 nou

161 2256 338 2334 modicum,
376 2261 411 2322 et
446 2276 644 2343 gravameu3
687 2256 839 2342 quocirca
876 2254 971 2320 vobis
1016 2255 1053 2319 in
1089 2257 1218 2321 virtute

163 2358 360 2424 obedientiae
382 2358 587 2445 injungimus
620 2361 655 2423 et
684 2358 888 2435 mandamus,
916 2358 1074 2443 quatinus
1112 2358 1218 2425 dictos

163 2458 362 2539 Johannem,
384 2459 594 2537 willelmum,
625 2464 660 2525 et
682 2460 870 2547 Rogerium,
894 2459 1013 2538 citetis,
1038 2482 1096 2525 sen
1118 2462 1215 2527 citeri

103 2642 108 2647 Π
163 2561 307 2639 faciatis,
329 2561 557 2649 peremptorie,
580 2561 669 2646 quod
691 2567 903 2647 compareant
929 2583 1038 2628 coram
1061 2563 1157 2629 nobis
1180 2564 1217 2628 in

165 2664 310 2731 Eoelesia
332 2664 457 2731 Christi
473 2663 704 2731 Cautuariensi
726 2664 878 2751 proximo
901 2664 955 2729 die
974 2664 1117 2751 juridico
1140 2672 1216 2754 post

166 2766 308 2832 Octabas
341 2766 456 2833 Sancti
478 2766 626 2846 Martini,
650 2767 844 2833 canonicum
883 2766 911 2831 si
944 2769 1031 2853 quod
1062 2768 1215 2847 habeant,

165 2869 201 2932 in
222 2868 329 2934 forma
347 2868 433 2954 juris
449 2869 652 2954 proposituri
669 2889 770 2955 quare
792 2868 898 2933 dictas
921 2870 1104 2957 sententias
1127 2872 1215 2955 ipsos

167 2970 341 3036 iucurrisse
362 2992 431 3035 non
461 2970 580 3036 debeat
601 2970 835 3058 pronuntiari;
864 2992 993 3039 necnon
1016 2972 1216 3059 quibusdam

166 3073 324 3152 articulis,
346 3072 411 3138 sibi
435 3096 478 3139 ex
500 3073 605 3139 officio
628 3073 788 3139 faciendis
811 3075 850 3139 in
871 3074 934 3142 hac
956 3079 1060 3162 parte,
1084 3096 1216 3161 respon-

168 3176 254 3255 suri;
277 3190 312 3239 et
326 3174 367 3240 de
382 3176 524 3241 veritate
539 3175 679 3241 dicenda
689 3176 907 3261 personaliter
917 3176 1082 3262 juraturi;
1096 3176 1217 3242 facturi

169 3277 305 3343 ulterius
320 3282 356 3342 et
369 3278 535 3362 recepturi
558 3277 648 3363 quod
657 3277 796 3364 justitia
817 3277 979 3345 suadebit.
1024 3280 1069 3344 Et
1081 3278 1164 3363 quid
1180 3280 1217 3343 in

166 3380 340 3468 praemissis
361 3379 508 3446 feceritis
522 3402 582 3447 nos
597 3381 695 3447 dictis
710 3380 764 3445 die
788 3384 822 3445 et
845 3380 915 3447 loco
937 3370 1136 3448 certificetiis
1160 3405 1218 3470 per

167 3483 292 3549 litteras
315 3489 441 3549 vestras
465 3489 626 3571 patentes,
648 3492 707 3550 etc.
754 3482 832 3549 Dat
855 3489 916 3549 etc

653 3920 727 3984 343.

214 4178 259 4244 To
284 4177 337 4243 his
362 4174 594 4243 well-beloved
621 4174 664 4239 H.
681 4172 719 4238 of
741 4167 915 4259 Ohigwell,
932 4166 1064 4233 Oitizen
1078 4164 1116 4229 of
1129 4165 1215 4231 Lon-

173 4281 243 4359 don,
256 4280 310 4346 his
333 4279 443 4345 friend
458 4277 612 4355 Richard,
629 4277 683 4342 doc
708 4274 869 4362 greeliug,
884 4272 939 4336 doc.
985 4267 1143 4333 Whereas
1157 4268 1216 4333 the
1322 4330 1325 4337 ,

174 4405 281 4449 season
296 4382 325 4447 is
341 4404 362 4448 a
376 4380 442 4446 had
464 4403 536 4458 one,
551 4379 619 4445 and
633 4401 654 4444 a
668 4382 763 4464 great
777 4374 895 4439 failura
910 4371 947 4434 in
962 4369 1020 4434 the
1046 4390 1139 4454 crops
1155 4369 1216 4435 has

173 4484 340 4572 happened
363 4484 401 4549 in
426 4483 519 4549 these
547 4482 637 4568 days,
654 4480 721 4545 and
735 4500 772 4543 as
787 4498 838 4541 we
865 4472 1031 4539 ourselves
1047 4492 1102 4535 are
1118 4471 1181 4536 but
1196 4493 1217 4536 a

176 4589 329 4673 beginuer
343 4586 408 4654 and
424 4587 487 4652 but
510 4584 599 4649 little
614 4580 798 4648 instmcted
813 4578 851 4642 in
866 4573 1070 4659 husbandry,
1086 4594 1123 4637 as
1138 4572 1215 4637 well

177 4714 240 4779 you
262 4692 375 4772 know,
397 4712 449 4755 we
475 4686 643 4772 earnestly
657 4706 743 4771 pray
757 4703 825 4770 you
850 4679 926 4745 that
950 4698 1018 4764 you
1041 4674 1111 4740 will
1138 4675 1216 4762 help

178 4817 213 4859 us
227 4794 292 4859 and
316 4793 433 4859 advisa
448 4814 488 4856 us
503 4812 541 4855 as
566 4796 603 4855 to
617 4788 676 4853 the
694 4788 765 4851 best
780 4805 858 4870 way
872 4782 910 4847 of
930 4778 1106 4867 procuring
1121 4778 1216 4856 wine,

177 4918 210 4962 so
230 4895 306 4961 that
328 4916 379 4960 we
406 4916 485 4978 may
500 4892 599 4959 avoid
624 4888 782 4955 discredit
807 4890 845 4951 at
869 4906 931 4949 our
953 4882 1026 4947 first
1049 4880 1218 4967 assuming
