3309 5859
342 852 347 860 ⁴
415 899 481 962 eos
869 912 1010 964 sumn

235 1101 318 1160 grum
311 1095 356 1210 ’,ιζ
348 1103 394 1157 ‚to
412 1081 560 1149 litteram
582 1081 742 1169 Capituli,
764 1103 866 1169 quam
898 1083 941 1150 ad
972 1085 1166 1150 instantiam
1200 1083 1337 1149 Domini
1359 1082 1464 1198 Regis

235 1161 363 1279 {2¹:⁵ssss
413 1183 472 1248 diu
503 1190 555 1250 est
588 1185 744 1261 habuisti,
778 1185 875 1252 nobis
913 1187 1101 1266 restituisti,
1136 1209 1181 1253 ex
1217 1185 1315 1252 certis
1353 1183 1463 1250 causis

234 1293 321 1344 barosa
412 1286 601 1352 necessariis
623 1307 705 1372 quaa
727 1285 771 1352 ad
793 1307 938 1374 praesans
961 1288 1105 1366 silemus,
1128 1293 1163 1354 et
1184 1309 1244 1353 nos
1268 1284 1462 1373 hujusmodi

235 1359 352 1437 ΨΜ
410 1386 557 1454 litteram
596 1387 659 1453 tihi
692 1388 910 1468 restituimus,
942 1389 984 1454 de
1018 1395 1133 1456 nostra
1169 1389 1278 1475 gratia
1314 1385 1459 1474 speciali

410 1485 481 1554 Nec
502 1487 607 1555 credit
628 1487 792 1554 Dominus
815 1487 888 1554 Rex
911 1496 946 1554 te
968 1489 1115 1576 aliquam
1145 1489 1338 1576 hujusmodi
1367 1489 1460 1552 litte·

408 1609 478 1654 ram
501 1590 543 1655 de
574 1590 672 1656 nobis
704 1589 844 1671 habere3
875 1592 955 1678 quia
977 1592 1042 1658 sibi
1072 1591 1251 1678 aliquando
1276 1590 1317 1657 de
1340 1591 1458 1675 hujus-

407 1691 496 1758 modi
519 1692 652 1779 negotio
674 1691 812 1758 lecimus
835 1694 1044 1760 mentionem.
1089 1694 1144 1759 Ad
1174 1693 1355 1759 secundum
1378 1691 1458 1756 arti-

406 1792 520 1860 culum
543 1798 611 1859 tuse
642 1793 764 1860 litteras
800 1794 895 1860 nobis
929 1797 1048 1874 missae,
1069 1795 1217 1874 dicimus,
1241 1795 1329 1881 quod
1351 1792 1458 1880 capel·

406 1893 476 1960 lani
498 1896 604 1962 nostri
638 1895 675 1960 in
696 1897 862 1982 loquendo
884 1918 951 1963 non
984 1897 1152 1974 deliciunt,
1174 1919 1235 1964 nec
1256 1903 1336 1962 sunt
1358 1895 1455 1972 muti,

407 1995 486 2063 licet
517 1997 660 2063 forsitan
691 1996 822 2062 litteras
853 2002 941 2076 tuas,
964 1997 1088 2063 totiens
1122 1997 1314 2076 inculcatas,
1337 2003 1372 2062 et
1405 2017 1455 2062 re-

400 2100 522 2185 petitis
558 2099 686 2168 vicibus
731 2099 827 2165 uobis
872 2101 998 2178 missas,
1035 2105 1192 2186 reputent
1235 2101 1455 2186 importunas.

405 2201 451 2266 Et
472 2201 583 2266 Deum
615 2207 736 2268 testem
768 2223 932 2280 vocamus,
955 2202 1045 2290 quod
1076 2203 1188 2268 nullus
1210 2202 1456 2290 capellanorum

403 2307 589 2369 nostrorum
636 2305 677 2368 de
726 2302 793 2368 hiis
831 2325 905 2390 quas
942 2303 1024 2390 ipsis
1067 2303 1210 2390 imponis
1244 2305 1340 2369 nobis
1373 2301 1456 2368 fecit

403 2403 550 2491 aliquam
572 2406 785 2472 montionem
832 2406 878 2470 Et
899 2405 974 2472 ideo
996 2426 1064 2472 uon
1086 2411 1138 2471 est
1161 2406 1290 2482 mirum,
1305 2405 1335 2470 si
1357 2426 1454 2471 vera·

403 2506 549 2572 cumdum
570 2508 617 2572 sit
646 2508 694 2572 eis
715 2507 857 2594 quando,
879 2508 955 2574 sine
977 2507 1077 2594 culpa
1106 2513 1141 2573 et
1164 2508 1235 2572 sine
1257 2527 1366 2586 causa,
1389 2505 1454 2570 sibi

403 2607 488 2674 talia
518 2609 745 2696 imponuntur.
805 2608 927 2677 Adhuc
963 2609 1189 2676 Thesaurariis
1218 2609 1341 2674 nostris
1370 2629 1454 2694 prue-

403 2711 549 2798 cepimus
569 2711 704 2797 negotia
725 2715 786 2778 tua
799 2711 967 2797 quamcito
989 2716 1146 2798 poterunt
1168 2709 1332 2796 expedire.
1376 2708 1453 2776 Dat.

404 2809 559 2878 Cantuar.
583 2813 684 2877 1wi
706 2813 761 2879 die
784 2812 966 2892 Februarii,
988 2833 1075 2878 anno
1098 2811 1175 2876 Dni.
1200 2827 1392 2877 ucocxxvr.

256 3070 363 3200 {202²ssss
407 3080 480 3144 205
484 3076 672 3141 -Douruo
693 3075 819 3141 Parum
844 3091 1017 3142 nocarsrn
1040 3090 1181 3140 rossan
1205 3072 1453 3140 Gaurumrm-

560 3195 618 3244 srs.
688 3177 762 3242 Pau
798 3177 1107 3242 Aacmnrrsooruu
1145 3175 1451 3242 Osurusnmusmr.

229 3271 378 3390 ffiffl‘·
560 3280 615 3345 Dr
637 3294 829 3345 rueramus
861 3293 1044 3343 summus
1067 3293 1091 3342 a
1121 3278 1316 3345 Oouvnuro
1340 3295 1382 3343 rr
1403 3295 1450 3342 nr.

252 3375 259 3389 '
361 3371 369 3385 ’
560 3395 808 3448 uonnanrroua
861 3395 1086 3446 rmurrnurrn
1132 3379 1285 3446 Fnarnrs
1329 3380 1360 3446 J.
1404 3395 1451 3444 nn

560 3483 745 3548 Mamurra

228 3636 312 3687 ³¹⁰⁸·
449 3642 618 3710 Walterus
650 3641 863 3728 permissione
900 3641 1017 3706 divina
1051 3641 1302 3709 Oanluariensis
1333 3641 1448 3709 Archi-

226 3701 355 3828 iffa
404 3745 577 3832 episcopus
608 3744 713 3809 totius
735 3743 866 3829 Angliae
889 3741 1016 3808 Primas
1048 3742 1169 3808 dilecto
1200 3743 1268 3807 filio
1303 3743 1444 3809 Domino

229 3835 314 3886 ''¹¹⁰¹'’
326 3835 371 3886 ²¹¹⁰
405 3847 512 3912 Priori
544 3845 696 3912 Ecclesiae
730 3848 853 3910 nostra
875 3841 1002 3909 Christi
1028 3843 1287 3922 Cautum-ianus,
1310 3845 1447 3910 salutem

253 4161 359 4278 Ῑξξξζῐ·
402 4177 476 4241 206
476 4174 672 4238 -errmu
704 4186 809 4236 ursss
842 4168 1041 4235 Douruol.
1078 4168 1224 4233 hunnus
1258 4183 1323 4232 rao
1355 4183 1446 4232 vnus

225 4352 255 4402 L
269 4351 351 4402 m
522 4269 1328 4349 NOSTRISFRANGIAE,ANNODN1.Mcccxvai⁰.

229 4483 285 4532 Th
226 4481 369 4598 quior
403 4535 524 4622 Lange,
547 4531 655 4597 Henri
677 4530 796 4595 Priour
816 4527 871 4592 del
903 4527 1031 4614 Esglise
1064 4527 1105 4592 de
1129 4524 1328 4603 Cantarbirs,
1351 4525 1445 4601 saluz,

224 4629 385 4756 ffiffiry
402 4640 437 4702 et
458 4635 523 4700 la
510 4655 589 4720 Joye
611 4629 813 4719 perdurabla
861 4627 1020 4715 Sire‚pur
1043 4627 1223 4694 labounte
1246 4627 1338 4693 atla
1361 4628 1442 4692 bone

289 4761 321 4824 υ,
367 4696 534 4803 yvolonte
566 4757 606 4818 qe
637 4755 720 4799 vous
753 4753 835 4798 avez
868 4735 987 4796 sovent
1007 4734 1152 4796 monstro
1175 4734 1210 4795 et
1231 4729 1295 4794 fait
1281 4735 1442 4794 tanous

401 4844 436 4906 et
457 4861 479 4906 a
508 4842 619 4904 nostre
654 4836 722 4921 Esg
721 4833 780 4899 lise
811 4854 877 4920 pur
907 4832 1035 4900 lamour
1066 4830 1165 4898 Saint
1186 4830 1338 4908 Thomas,
1360 4851 1443 4896 nous

447 4433 478 4496 A
500 4451 559 4496 son
582 4429 727 4495 trescher
749 4433 784 4493 st
804 4426 883 4491 bien
906 4447 979 4490 ame
1003 4447 1045 4490 en
1066 4424 1154 4490 Dieu
1171 4425 1315 4490 Mousirs
1337 4425 1361 4490 J
1362 4425 1445 4490 ohan
