3309 5859
439 907 512 977 ἰιι
902 929 1034 980 anese

279 1121 395 1186 tnepay-
447 1135 507 1231 pro
531 1117 595 1200 maj
598 1117 647 1180 ori
677 1119 805 1203 parte
796 1139 942 1204 ipsorum
967 1119 1125 1186 hactenus
1155 1121 1353 1206 perierunt.
1407 1116 1518 1181 Terras

278 1197 436 1304 &carpos
358 1187 436 1238 ‘'m''
447 1217 549 1282 eciam
584 1225 712 1286 vestras
743 1221 939 1302 fructiferae,
963 1223 1057 1302 latas,
1082 1229 1116 1288 et
1149 1225 1341 1308 spaciosae,
1368 1221 1415 1286 de
1451 1219 1517 1303 qui

277 1321 418 1436 betriepthe
446 1318 507 1383 bns
530 1322 689 1387 ducentas
705 1345 830 1389 marcas
853 1323 1083 1412 sterlingorum
1108 1325 1321 1410 etamplius
1349 1321 1516 1410 percipere

273 1403 418 1518 J„¹,¹JJ,J‘{,⁸,J‚
444 1425 662 1488 consuevistis
694 1426 879 1504 annuatim,
902 1425 1140 1492 inundaciones
1174 1427 1282 1492 maris
1309 1427 1354 1490 in
1378 1424 1517 1507 salsugi-

443 1545 520 1588 nem
557 1527 817 1612 irreparabiliter
854 1529 1122 1606 transtulerunt;
1166 1529 1217 1592 ita
1255 1527 1362 1614 quod
1406 1525 1515 1590 nullus

442 1627 570 1693 fructus
593 1629 687 1694 vobis
717 1631 879 1714 provenit,
903 1651 963 1696 nec
986 1631 1022 1694 in
1045 1631 1194 1696 futurum
1224 1631 1424 1717 provenire
1447 1649 1514 1713 spe·

441 1735 535 1795 ratur
568 1752 609 1795 ex
640 1731 772 1798 eisdem
818 1733 957 1798 Necnon
990 1733 1188 1818 frequentes,
1212 1739 1248 1797 et
1285 1731 1398 1818 quasi
1434 1731 1513 1796 ecti-

442 1832 533 1895 diani
555 1838 589 1896 et
611 1834 772 1910 continui,
795 1834 839 1899 ad
861 1856 920 1899 vos
952 1857 1129 1900 concursus
1153 1841 1187 1900 et
1209 1857 1381 1902 recursus
1405 1836 1512 1920 ingre-

441 1935 609 2001 diencinm
632 1943 666 2000 et
688 1937 932 2024 egrediencium
956 1959 1094 2024 regnum
1117 1937 1258 2024 anglia,
1275 1959 1375 2025 quos
1399 1937 1511 2023 firnoere

440 2059 505 2102 non
543 2041 683 2124 potestis
714 2060 775 2104 nec
805 2061 827 2104 a
861 2041 956 2105 vobis
988 2041 1111 2128 fugare,
1144 2063 1318 2107 annonam
1358 2045 1508 2106 vestram

438 2140 669 2226 multipliciter
706 2141 864 2206 minuunt
902 2148 937 2207 et
981 2149 1188 2209 consumunt.
1251 2145 1412 2231 Insuper
1451 2163 1506 2228 pre

437 2240 652 2308 defendendis
690 2251 724 2308 et
761 2245 995 2310 conservandis
1030 2245 1237 2330 juribust
1202 2251 1237 2310 et
1275 2245 1505 2312 libertatibus

438 2343 593 2410 Ecclesiae
631 2352 752 2411 vestrae
790 2347 958 2432 praedictae
997 2348 1136 2413 diversis
1173 2349 1392 2435 temporibus
1439 2368 1503 2411 non

436 2448 564 2512 modica
602 2449 834 2535 supportastis,
873 2455 905 2514 et
954 2451 1049 2536 quasi
1096 2451 1226 2516 assidue
1272 2449 1493 2540 supportatis

434 2571 535 2615 onera
566 2571 793 2636 expensarum.
850 2551 894 2616 Et
880 2557 1059 2640 tpropter
1089 2551 1280 2639 hujusmodi
1315 2555 1437 2618 varios
1453 2557 1499 2616 et

434 2655 661 2740 dispendiosos
693 2660 834 2719 eventus
867 2653 1047 2720 facultates
1071 2576 1227 2721 Ecclesiae
1251 2663 1382 2721 vestrae
1416 2655 1497 2720 adeo

434 2757 608 2822 diminutae
631 2777 669 2821 ac
690 2761 878 2822 attenuatae
901 2757 1128 2835 dinoscuntur,
1153 2757 1242 2844 qnod
1276 2781 1321 2823 ex
1347 2760 1402 2823 eis
1421 2757 1493 2821 bos-

433 2859 618 2944 pitslitates
641 2857 766 2924 atalia
795 2860 947 2924 caritatis
971 2881 1071 2946 opera
1102 2865 1267 2938 consueta,
1290 2861 1493 2927 necessitate

434 2983 496 3047 urg
475 2965 582 3038 ‹r,ente
603 2961 836 3047 multipliciter
858 2961 1114 3039 subtrahuntur,
1136 2984 1261 3049 vosque
1287 2962 1399 3048 juxta
1421 2985 1492 3026 ves·

434 3068 519 3128 tram
557 3085 594 3128 ac
633 3063 787 3128 Ecclesiae
824 3069 944 3128 vestrae
982 3065 1152 3150 praedictae
1197 3063 1487 3131 honorificenciam

432 3167 552 3230 vestris
581 3185 648 3230 non
679 3165 798 3230 valetis
829 3151 1117 3250 oportunitatibus
1144 3166 1325 3252 providere
1375 3167 1487 3247 Quare

430 3266 527 3332 nobis
557 3266 768 3353 supplicastis
800 3273 848 3344 ιιι,
882 3267 989 3332 causis
1028 3268 1176 3353 praedict
1167 3290 1196 3332 rs
1234 3290 1292 3355 per
1325 3291 1389 3334 nos
1413 3266 1484 3331 dili-

429 3369 565 3454 gencius
602 3369 802 3434 examinatis
835 3375 870 3434 et
856 3370 1134 3448 ctonsideratis,
1169 3369 1350 3436 Ecclesiam
1390 3390 1484 3457 paro-

428 3471 569 3538 chialem
600 3472 641 3536 de
664 3470 884 3550 Westerhem,
907 3477 1029 3538 nostrae
1061 3472 1220 3549 dioecesis,
1250 3495 1325 3537 curn
1358 3470 1482 3559 capella

429 3575 470 3638 de
500 3573 762 3660 Edulwesbrugg
798 3575 906 3640 eidem
944 3597 1189 3661 annexaque
1221 3576 1263 3641 dc
1301 3580 1480 3664 patronatu

428 3683 539 3742 vestro
572 3677 698 3753 existit,
729 3677 872 3754 vobis,
863 3699 898 3742 m
931 3679 1219 3744 continuacionem
1250 3679 1342 3744 soliti
1372 3679 1478 3746 cultus

428 3779 535 3844 divini
569 3785 603 3844 et
634 3779 883 3865 deperditarum
922 3782 1262 3867 recompensacionem
1302 3780 1477 3848 concedere

426 3904 613 3948 curaremus
650 3883 687 3946 in
725 3883 875 3968 proprios
913 3904 992 3948 usus
1030 3889 1191 3970 perpetuo
1237 3885 1473 3970 possidendam

427 3986 497 4050 Nos
531 3985 643 4070 igitur,
666 3989 782 4050 contra
813 3986 1045 4070 praedictorum
1081 3986 1329 4072 dispendiorum
1351 3993 1473 4054 vestro

425 4111 499 4152 rum
523 4093 557 4152 et
581 4087 733 4152 Ecclesiae
756 4093 879 4152 vestrae
909 4089 1128 4164 incommoda,
1151 4111 1192 4154 ex
1215 4091 1323 4154 causis
1347 4088 1470 4156 inducti

424 4189 663 4276 superscriptis,
680 4196 819 4274 paterna
843 4192 1066 4277 compassione
1089 4191 1275 4277 prospicere
1298 4195 1470 4280 cupientes

424 4315 521 4379 super
544 4292 649 4357 causis
672 4297 707 4356 et
737 4291 891 4356 oneribus
914 4293 1082 4378 praedictis
1105 4294 1171 4358 et
1162 4315 1307 4379 ipsarum
1332 4297 1468 4362 veritate

423 4398 549 4461 vocalis
571 4395 614 4460 ad
636 4394 697 4458 hoc
719 4394 905 4470 evocandis,
929 4416 987 4480 per
1009 4395 1096 4460 viros
1126 4395 1318 4513 fidedignos,
1341 4396 1468 4466 clericos

423 4505 457 4563 et
479 4498 579 4563 laicos
609 4497 650 4560 de
680 4495 820 4560 (licenda
843 4498 988 4561 veritate
1010 4497 1154 4614 J'uratos,
1178 4499 1303 4583 inquiri
1334 4500 1466 4566 fecimus

421 4601 606 4688 diligenter.
654 4599 698 4662 Et
728 4599 808 4683 quia
837 4621 896 4684 per
926 4600 1175 4685 inquisicionem
1208 4602 1256 4666 sic
1278 4603 1414 4681 factam,
1435 4607 1465 4667 et

421 4704 487 4770 alia
518 4705 572 4789 leg
573 4701 668 4768 itima
706 4703 913 4780 documenta,
947 4703 1122 4820 praedictas
1160 4726 1282 4783 causas,
1321 4708 1465 4792 superius

420 4806 604 4892 propositas
635 4811 670 4870 et
701 4809 881 4890 suggestas,
914 4803 1104 4870 invenimus
1141 4827 1211 4872 esse
1242 4829 1337 4873 veras
1367 4813 1464 4896 etque
