3309 5859
621 955 912 1007 cerrumrrssss.
1251 944 1293 1009 35

239 1138 326 1224 quod
348 1137 444 1206 vobis
466 1141 572 1208 facere
593 1141 758 1208 incumbit
779 1141 916 1228 implere
939 1140 1099 1209 hactenus
1129 1141 1294 1220 noluistis,

239 1242 317 1308 licet
349 1243 477 1309 diutius
515 1246 691 1331 expectati.
747 1246 871 1311 Verum
906 1267 982 1311 cum
1016 1267 1084 1311 non
1123 1247 1293 1311 veleamus

239 1345 380 1411 ulterius
402 1347 508 1414 nostri
536 1348 624 1435 juris
655 1355 692 1415 11
713 1350 838 1436 quietae
869 1349 1082 1436 possessionis
1118 1349 1293 1437 proedicto·

241 1471 315 1514 111111
337 1454 408 1516 tam
442 1449 654 1518 manifestam
685 1453 843 1538 injuriam
876 1453 1039 1535 tolerere;
1071 1475 1114 1518 111
1136 1453 1294 1540 praedicte

242 1552 451 1630 consuetudo,
474 1575 549 1640 qum
571 1560 640 1620 tam
663 1555 860 1622 rationabile
884 1561 919 1621 11
952 1556 1046 1642 pium
1068 1560 1203 1641 tamque
1222 1554 1293 1641 juri

242 1656 440 1721 conveniens
462 1658 552 1744 cepit
584 1659 766 1738 exordium,
788 1665 849 1726 aut
880 1659 993 1745 quiete
1024 1661 1184 1745 possessio
1208 1659 1290 1744 ejus·

242 1757 316 1823 dem
332 1759 453 1837 exulet,
468 1764 529 1825 aut
550 1762 672 1828 nostris
694 1762 898 1848 temporibus
921 1762 1117 1841 obfuscetur,
1141 1762 1243 1839 vobis,
1259 1762 1295 1825 in

244 1860 371 1926 virtute
409 1863 606 1930 obedientia
651 1864 794 1931 firmiter
838 1865 1051 1952 injungendo,
1097 1865 1297 1931 mandemus

245 1965 403 2051 quatinus
447 1967 675 2053 supradictum
717 1969 873 2035 clericum
911 1976 1071 2048 nostrum,
1109 1991 1207 2055 quem
1255 1967 1298 2032 ad

246 2069 462 2135 obtinendum
494 2092 553 2157 per
584 2094 644 2138 vos
680 2073 877 2140 beneficium
912 2074 1007 2139 vobis
1045 2075 1167 2138 iterum
1190 2071 1298 2137 nomi·

247 2174 409 2253 nevimus,
449 2174 553 2259 juxta
589 2176 660 2240 virn
694 2181 728 2242 et
765 2176 918 2242 effectum
958 2176 1124 2262 praedictae
1163 2196 1297 2241 consue-

247 2277 382 2355 tudinis,
404 2279 442 2342 in
463 2279 556 2364 cujus
590 2280 704 2366 quieta
737 2282 939 2367 possessione
973 2301 1033 2346 nos
1067 2279 1241 2346 existimus
1264 2283 1300 2343 et

246 2379 304 2465 qui
325 2380 472 2466 rigimini
502 2387 625 2448 nostres
657 2382 810 2449 Ecclesiae
833 2381 1039 2470 prefuerunt
1073 2381 1142 2448 suis
1171 2385 1299 2467 tempo·

249 2483 341 2549 ribus
363 2483 558 2562 extiterunt,
592 2507 722 2572 quaque
744 2486 798 2550 nsi
820 2507 935 2550 sumus
969 2485 1130 2551 hactenus
1164 2484 1298 2571 pacifice

249 2590 284 2654 11
306 2586 426 2672 quiete,
449 2585 537 2653 infra
558 2592 626 2654 tres
649 2587 720 2654 dies
749 2611 772 2654 a
804 2594 953 2676 tempore
986 2589 1181 2675 receptionis
1215 2609 1300 2674 prse-

250 2690 394 2756 sentium
431 2689 588 2757 continue
621 2691 843 2758 numerandos
877 2693 1032 2778 (quorum
1065 2691 1211 2780 primurn
1240 2711 1300 2778 pro

250 2794 367 2880 primo,
388 2793 571 2860 secundum
594 2816 654 2881 pro
676 2793 828 2872 secundo,
852 2801 887 2862 et
920 2795 1059 2862 tertium
1093 2816 1154 2882 pro
1185 2793 1299 2877 tertio)

166 2935 170 2943 ·
251 2902 286 2962 11
307 2898 527 2984 peremptorio
547 2898 713 2965 canonicse
736 2898 929 2965 monitionis
945 2899 1061 2976 edicto,
1078 2897 1173 2965 vobis
1188 2903 1301 2964 tenore

251 2999 464 3086 praesentium
485 3000 697 3087 assignamus,
719 3022 795 3067 cum
817 3006 939 3068 natura
961 3001 1086 3088 negotii
1110 2999 1302 3066 diletionem

253 3124 321 3169 non
343 3108 479 3189 expetat
500 3103 692 3190 longiorem,
714 3104 893 3171 admittere
916 3105 959 3170 ad
991 3108 1180 3190 competens
1203 3102 1303 3168 bene·

253 3207 366 3273 ficium
388 3207 507 3292 ipsum,
520 3207 549 3272 si
571 3207 713 3276 facultas
737 3229 773 3274 se
795 3206 915 3274 offerat
937 3207 1034 3285 illico,
1057 3205 1206 3292 alioquin
1228 3227 1303 3272 cum

254 3332 288 3378 se
312 3309 473 3376 obtulerit
502 3310 745 3389 conterendum,
764 3310 868 3396 juxte
890 3330 1014 3377 morem
1037 3307 1198 3396 praeteriti
1220 3315 1304 3374 tem-

254 3415 351 3500 poris,
374 3435 442 3480 non
464 3413 611 3480 tardetis
656 3413 708 3480 De
739 3413 792 3479 die
823 3435 904 3480 vero
926 3412 1131 3498 incoeptionis
1162 3432 1305 3498 praesen·

256 3517 350 3594 tium,
389 3521 425 3582 et
453 3536 500 3580 an
529 3513 725 3582 mandatum
762 3519 913 3581 nostrum
951 3514 1146 3600 prsedictum
1185 3513 1306 3599 exequi

256 3617 435 3696 volueritis,
475 3615 620 3703 quidque
657 3617 694 3682 in
731 3617 910 3704 praemissis
948 3615 1095 3702 parendo
1141 3619 1201 3680 aut
1238 3635 1306 3680 non

256 3720 401 3808 parendo
441 3719 604 3784 duxeritis
646 3718 843 3797 faciendum,
874 3739 942 3798 nos,
981 3723 1128 3784 cessante
1174 3717 1308 3804 fictione

244 3822 407 3910 ‚quelibet
444 3843 502 3888 seu
539 3821 678 3908 quaesito
714 3821 820 3887 colore
855 3821 1100 3908 quomodolibet
1132 3819 1187 3884 vel
1219 3841 1308 3906 quse-

259 3925 372 4003 rend0,
404 3923 492 3989 infra
533 3923 721 4009 quindecim
764 3923 835 3991 dies
867 3945 887 3990 a
919 3929 1067 4010 tempore
1111 3921 1309 4007 receptionis

260 4027 483 4118 presentium,
523 4047 662 4112 quorum
700 4025 796 4091 vobis
833 4025 979 4112 quinque
1017 4045 1076 4111 pro
1121 4022 1237 4109 primo,
1275 4029 1310 4088 et

261 4132 406 4219 quinque
429 4150 489 4219 pro
511 4129 662 4206 secundo,
677 4134 712 4194 11
734 4126 877 4215 reliquos
900 4128 1046 4215 quinque
1068 4147 1128 4212 pro
1150 4126 1259 4202 111110,
1276 4130 1312 4192 11

260 4231 480 4322 peremptorio
502 4231 655 4296 similiter
677 4230 870 4296 monitionis
893 4229 1001 4296 edicto
1028 4229 1183 4294 canonice
1209 4228 1312 4313 assig-

263 4357 390 4414 namus,
411 4355 479 4400 non
500 4333 722 4421 perfunctorie
745 4333 801 4398 vel
823 4331 960 4398 obscure
995 4330 1053 4396 sed
1085 4328 1243 4394 distincte
1277 4332 1312 4394 et

263 4445 383 4527 aperte,
414 4458 473 4525 per
510 4437 639 4502 11111111
675 4441 803 4502 vestras
841 4437 1003 4520 petentes,
1038 4432 1156 4498 herum
1195 4433 1313 4498 seriem

264 4543 480 4617 continentes,
502 4539 627 4606 curctis
647 4539 784 4604 reddere
807 4536 969 4602 certiores.
1015 4533 1086 4600 Nos
1110 4533 1313 4620 1111110111-

264 4645 396 4730 scriptis
418 4641 586 4708 canonicis
617 4638 858 4705 monitionibus
880 4635 1068 4722 premissis,
1092 4635 1122 4700 si
1144 4635 1314 4722 praemissa

266 4747 377 4812 omnia
397 4765 466 4809 non
498 4742 653 4818 feceritis,
675 4761 734 4806 seu
765 4739 871 4805 facere
904 4737 1125 4824 neglexeritis,
1163 4742 1224 4803 1111
1255 4737 1315 4804 ali·

267 4847 355 4934 quod
378 4844 629 4932 praemissorum,
643 4843 680 4907 in
694 4861 867 4928 personam
884 4843 1028 4904 vestram
1044 4843 1168 4904 extunc
1182 4837 1317 4928 majoris

1119 4955 1183 5016 02
