3309 5859
431 823 498 888 300
887 841 1020 890 arrasa

429 1035 536 1080 venue
558 1017 588 1082 la
611 1023 748 1104 portour
770 1016 811 1082 de
834 1026 904 1084 cest
925 1019 1032 1098 lettre,
1054 1017 1194 1084 mandez
1222 1039 1315 1095 nous,
1336 1039 1402 1104 par
1423 1039 1484 1082 voa

428 1115 542 1183 lettres
559 1125 593 1185 et
617 1141 677 1206 par
699 1121 835 1186 meisme
851 1121 883 1186 le
898 1126 1069 1208 pourtour,
1084 1143 1143 1187 ceo
1157 1120 1192 1206 qi
1215 1143 1257 1184 en
1272 1125 1325 1186 est
1337 1121 1424 1185 faite
1445 1122 1485 1185 dc

428 1221 563 1286 meisma
585 1221 636 1288 lez
659 1222 824 1308 busoyues
857 1227 891 1288 et
923 1224 965 1289 de
993 1229 1117 1289 autres.
1161 1223 1276 1288 Donez
1297 1245 1320 1288 a
1342 1223 1483 1288 Canter-

288 1333 383 1383 saov.
428 1324 499 1390 bire
537 1323 568 1392 le
607 1330 706 1412 quart
735 1325 814 1410 jour
849 1326 891 1390 de
923 1325 1124 1406 Novembre,
1147 1325 1204 1392 lan
1235 1326 1277 1390 de
1309 1347 1410 1412 graec
1443 1332 1482 1391 at

313 1404 372 1448 329.

254 1405 412 1548 alan.
429 1449 545 1514 uua·

255 1581 312 1630 The
326 1581 411 1632 urch-

252 1646 344 1712 biahop

252 1716 400 1766 commando

251 1780 394 1898 }ffdbffifl
429 1798 721 1866 287.-L1raaaa
759 1815 891 1866 paraus
929 1800 1069 1866 Dourur
1107 1801 1256 1867 Sruorus
1288 1803 1483 1866 Aaemam·

251 1917 309 1965 ardo
321 1924 347 1964 to
583 1917 679 1966 SCOPI
715 1917 870 1968 OMNIBUS
900 1919 1076 1968 ululsrms
1107 1921 1185 1970 SUIS
1214 1921 1282 1969 fao
1317 1921 1482 1969 COMPOSI·

250 1981 408 2097 illiga?
583 2019 689 2067 nora
711 2019 885 2070 rausum.

251 2121 329 2164 terma
342 2117 372 2164 of

251 2181 375 2260 thecam·
471 2168 587 2234 Simon
621 2170 837 2254 permissione
859 2170 985 2249 divina,
1008 2177 1079 2250 etc,
1101 2173 1257 2238 omnibus
1279 2173 1478 2250 senescallis,

249 2263 376 2366 ffiss·
426 2270 569 2346 ballivis,
585 2277 620 2335 et
644 2271 764 2336 ceteris
787 2271 951 2336 ministris
972 2274 1096 2338 nostris
1118 2274 1162 2339 ad
1184 2274 1373 2340 custodiam
1394 2279 1477 2340 tem-

250 2389 330 2432 tveen
426 2373 588 2457 poralium
620 2381 808 2439 nostrorum
855 2374 1033 2460 deputatis,
1058 2375 1223 2454 'salutem
1260 2381 1297 2440 et
1333 2377 1474 2463 gratiam

248 2449 341 2578 ffiffi'p
426 2476 621 2542 Salvatoris.
685 2477 763 2543 Paci
807 2490 842 2541 et
884 2478 1122 2564 tranquillitati
1162 2479 1359 2544 dilectorum
1392 2480 1474 2542 filio·

248 2579 372 2632 Bouiano
424 2601 499 2642 rum
533 2585 721 2644 nostrorum
761 2578 885 2644 Prioris
907 2587 942 2644 et
964 2579 1115 2666 Capituli
1153 2581 1312 2647 Ecclesiae
1351 2589 1471 2646 nostras

247 2649 286 2696 lor
298 2649 402 2698 himself
496 2681 502 2694 ·
541 2683 547 2694 .
739 2683 745 2696 .
811 2683 817 2695 .
882 2683 889 2696 .
1173 2684 1181 2697 .
1325 2683 1332 2696 .
1392 2685 1398 2696 .

247 2715 346 2764 mh„
424 2681 550 2746 Chrrstr
585 2681 846 2757 Cantuarrenars,
880 2704 916 2746 1n
951 2703 1091 2767 quorum
1125 2691 1238 2768 qurete
1276 2706 1471 2770 quaesamus

246 2797 390 2898 Ξῐέῗξξίοῐῆ
424 2787 457 2846 ct
493 2783 683 2848 turbatione
722 2783 904 2862 turbamur,
938 2785 1122 2870 prospicere
1153 2786 1343 2871 cupientes:
1380 2787 1471 2850 robis

247 2916 360 2979 chapter
369 2916 397 2964 of
424 2885 630 2962 mandamus,
664 2887 804 2951 firmiter
838 2885 1173 2973 injungentesuuod
1204 2889 1471 2974 compositionem

246 2983 350 3098 glffih
364 3049 389 3098 iu
424 2989 513 3053 iuter
535 2989 640 3054 felicis
663 2989 899 3054 recordatiouis
922 2990 1130 3056 Bonifacium
1164 2992 1333 3076 quondam
1356 2992 1472 3057 Archi·

249 3120 320 3165 1253,
423 3114 621 3178 epmcopnnr,
637 3093 905 3179 praedecessorem
930 3098 1092 3172 nostrum,
1107 3115 1248 3179 suosque
1265 3116 1470 3170 successores,

242 3182 382 3299 affl&
423 3201 458 3259 et
481 3196 588 3261 dictos
620 3195 706 3260 filios
738 3203 869 3260 nostros
901 3202 937 3260 et
968 3217 1081 3260 eorum
1115 3218 1316 3262 successores
1338 3199 1469 3272 dudum,

244 3315 339 3366 fortae
423 3319 483 3384 pro
518 3299 604 3362 bono
636 3303 761 3363 ruutuae
785 3299 883 3384 pacis,
906 3297 1048 3362 feliciter
1077 3299 1212 3379 editam,
1235 3300 1468 3366 inviolabiliter

241 3383 355 3512 sss'ffipffi
421 3401 610 3480 observetis,
634 3399 737 3467 nichil
769 3407 883 3466 contra
915 3400 1003 3485 ipsos
1037 3399 1122 3466 lilios
1151 3408 1290 3479 nostros,
1312 3403 1467 3479 homines,

241 3514 378 3578 signatore.
420 3523 477 3566 seu
509 3508 660 3568 tenentes
695 3503 851 3589 ipsorum,
873 3507 1113 3588 attemptantes
1142 3505 1231 3589 quod
1253 3506 1361 3571 eidem
1383 3528 1466 3571 com-

241 3583 401 3698 ffififfi·
419 3605 576 3690 positioni
606 3605 796 3690 aliqualiter
828 3605 975 3670 obsistat
1032 3605 1160 3671 Datum
1191 3608 1282 3693 apud
1305 3609 1466 3674 Mortelak

241 3715 368 3792 composi·
418 3708 536 3792 quinto
559 3708 612 3772 die
637 3707 848 3787 Novembris,
871 3728 959 3772 anno
987 3707 1064 3774 Dni.
1089 3721 1371 3788 mmmmm,
1392 3733 1467 3778 con·

238 3783 389 3914 ζὲζᾶξὲῐζλ
418 3811 610 3876 sacrationis
632 3817 753 3875 nostrae
776 3809 928 3874 secunde.

270 4098 368 4213 ⁷132?-
418 4101 691 4166 asa-Lusum
724 4117 874 4164 araucas
904 4099 1051 4166 Dourro
1080 4103 1363 4173 Aacmarrscoro
1400 4127 1462 4177 rao

348 4199 354 4212 '
687 4219 998 4268 aaeouomrarroun
1021 4221 1199 4272 emman.

236 4313 267 4363 L.
282 4311 397 4372 ΗΘΜ
460 4368 648 4434 Venerabili
687 4367 723 4431 iu
762 4366 896 4434 Christo
933 4370 1022 4454 patri
1059 4371 1204 4438 Domino
1242 4375 1374 4443 Simoni
1403 4381 1462 4445 Dei

237 4477 291 4527 The
305 4475 398 4528 earne
414 4473 522 4558 gratia
566 4471 799 4537 Cantuariensi
845 4469 1108 4558 ArchiepiscopO,
1147 4481 1208 4542 etc
1246 4477 1362 4546 devoti
1404 4484 1463 4547 filii

236 4543 352 4661 ffiep
414 4577 577 4640 Henricus
611 4575 704 4639 Prior
736 4578 770 4638 et
805 4573 999 4660 Capitulum
1038 4577 1191 4644 Ecclesiae
1230 4581 1368 4662 Christi,
1405 4593 1464 4654 etc

236 4675 362 4741 5⁸1thss
414 4680 501 4759 Quia
533 4679 598 4742 duo
630 4675 747 4741 famuli
781 4678 896 4756 nostri,
920 4677 957 4742 in
987 4679 1149 4746 cimiterio
1180 4683 1325 4752 ecclesiae
1349 4696 1463 4757 vestrae

235 4743 362 4805 bcenpol-
564 4780 571 4794 .
636 4781 642 4793 .
695 4781 702 4793 .
1022 4783 1029 4796 .
1225 4788 1232 4800 .

235 4809 351 4874 luoedby
414 4781 670 4860 Cantuarrensrs,
693 4785 781 4845 mter
806 4802 841 4844 se
874 4801 981 4866 nuper
1003 4789 1160 4863 rixantes,
1182 4808 1291 4872 pruno
1325 4792 1369 4858 ad
1391 4815 1463 4861 eon-
1525 4867 1529 4872 ,
