3309 5859
395 852 458 919 172
858 864 990 914 insen

257 1160 286 1205 u
299 1156 366 1206 Mar·
476 1150 652 1218 173.-Ds
674 1166 842 1215 snvsnru
864 1149 1019 1215 Donnes
1042 1149 1188 1215 Reunia
1211 1166 1255 1215 nr
1277 1150 1390 1215 Dums

178 1234 183 1247 '
252 1224 355 1283 “ml
811 1253 1031 1328 Aourrssnn

223 1340 255 1389 L.
268 1343 314 1391 144
324 1356 349 1390 a.

224 1430 385 1483 inertior·
448 1414 599 1483 Salutem
623 1424 657 1484 et
680 1418 836 1505 spiritum
861 1418 1068 1483 fortitudinis
1090 1418 1127 1483 in
1142 1418 1268 1485 timore.
1313 1417 1453 1496 Pnnlati,

223 1496 384 1627 lffiffiffl
401 1520 512 1585 nuntii
535 1521 718 1607 solempnes
741 1520 877 1587 Domini
899 1520 1008 1607 Papae,
1030 1520 1068 1585 in
1089 1520 1263 1587 Frnneim
1285 1520 1453 1586 redierunt

226 1638 353 1709 prospect.
402 1628 435 1687 et
457 1623 493 1687 in
516 1622 681 1709 Anglinm,
705 1629 745 1689 ut
779 1624 910 1699 dicitur,
932 1623 969 1688 in
1001 1624 1152 1709 proximo
1185 1627 1264 1688 sunt
1295 1626 1451 1699 venturi;

222 1698 351 1814 :flffiffl'w
401 1732 443 1803 et,
459 1728 545 1793 sicut
568 1727 713 1793 referunt
738 1729 779 1794 de
803 1728 955 1814 partibus
970 1726 1120 1793 Franciae
1141 1728 1321 1802 venientes,
1339 1727 1451 1792 Domi-

223 1830 360 1909 nenses
400 1850 464 1893 nus
498 1828 588 1916 Paps
619 1829 788 1896 ordinavit
818 1834 941 1895 certam
972 1834 1008 1894 et
1041 1835 1281 1915 competentem
1314 1828 1450 1895 formam

225 1896 356 2013 puppas
401 1930 489 2015 pacis
512 1930 599 1997 inter
622 1932 704 1997 duos
727 1953 830 2017 reges,
855 1953 914 2017 pro
945 1952 1092 2018 congrua
1121 1925 1323 1998 relevatione
1347 1938 1451 1997 status

224 2030 370 2108 ¹²²⁸⁰¹z010f
403 2031 552 2096 Dominae
575 2032 711 2119 Reginae
735 2032 865 2119 Angliae
877 2057 886 2113 3
915 2053 1015 2118 quam
1045 2033 1178 2119 quidem
1200 2033 1342 2097 formam
1364 2034 1451 2119 pacis

223 2104 368 2226 3533„
402 2132 475 2197 Rex
510 2132 658 2199 Francis
691 2142 726 2199 et
760 2134 851 2200 dicta
882 2134 1028 2199 Domina
1065 2134 1193 2221 Regina
1230 2136 1267 2199 in
1301 2135 1451 2199 omnibus

226 2232 319 2347 {³⁰¹¹}
329 2248 367 2283 re·
401 2240 621 2320 acceptarunt,
656 2241 694 2300 ut
729 2236 851 2300 dicunt
899 2234 944 2299 Et
974 2234 1004 2299 si
1038 2234 1201 2301 Dominus
1234 2240 1349 2301 noster
1381 2236 1449 2300 Rex

228 2312 336 2415 {¹:210ss
337 2315 362 2347 m
401 2336 532 2423 Angliee
570 2336 758 2421 hujusmodi
796 2336 935 2401 formam
974 2336 1064 2422 pacis
1102 2337 1246 2402 voluerit
1281 2342 1450 2423 acceptare

224 2428 384 2549 &effla
402 2440 512 2505 omnis
549 2438 684 2525 pacifice
723 2440 964 2525 conquiescent
1028 2438 1090 2504 Sin
1112 2440 1205 2517 alias,
1243 2440 1331 2526 quod
1346 2440 1449 2518 ‘absit

230 2578 263 2613 on
277 2564 336 2615 leth
403 2542 566 2607 Dominus
614 2541 705 2627 Papa
750 2542 791 2607 de
829 2542 1039 2627 plenitudine
1077 2542 1261 2627 potestatis,
1301 2548 1336 2607 et
1380 2542 1449 2607 Rex

223 2632 386 2759 ffiss‘fffid
402 2644 550 2710 Francius
573 2666 647 2709 cum
682 2644 750 2709 suis
773 2644 1017 2721 oonfoederatis,
1040 2643 1080 2709 de
1103 2646 1269 2710 communi
1292 2646 1448 2721 condicto,

224 2764 377 2895 ιέἓιιξθιίιιξυ
402 2752 441 2913 Et
464 2746 737 2912 dicihtur,tgerrem
760 2745 891 2911 Apgliae
914 2753 949 2811 et
973 2745 1447 2913 tipsiusedincollpfsuflv.isitabunt.

378 2868 385 2882 ·
431 2870 520 2913 orreo
536 2869 568 2912 ιο
637 2868 713 2913 men
744 2870 791 2911 nu
817 2870 838 2911 a
872 2869 971 2933 seque
990 2870 1075 2925 uns
1148 2870 1186 2914 eo
1264 2870 1296 2915 ιο
1318 2872 1447 2917 misera-

401 2950 477 3017 bilis
500 2950 641 3015 ubilibet
663 2949 849 3037 pullulabit.
895 2950 1047 3015 Dominae
1078 2950 1213 3037 Reginae
1243 2956 1278 3017 et
1299 2952 1369 3018 filio
1391 2976 1449 3019 suo

401 3054 486 3120 Duci
510 3054 701 3139 Aquitanis
725 3076 800 3119 cum
823 3053 979 3119 venerint
1008 3054 1046 3117 in
1068 3053 1232 3139 Angliem,
1254 3054 1333 3121 lieet
1358 3055 1449 3122 decet

401 3164 436 3223 et
458 3156 595 3243 expedit
619 3164 809 3222 reverenter
832 3178 999 3222 occurrere
1021 3177 1089 3221 non
1110 3156 1273 3222 violenter
1294 3158 1449 3224 obsistere

399 3261 518 3347 quovis
553 3260 659 3337 modo,
684 3260 712 3325 ri
744 3265 860 3325 sutem
894 3259 986 3325 viros
1009 3264 1163 3345 potentes
1185 3265 1220 3323 et
1248 3266 1393 3325 armatos
1414 3262 1449 3325 in

398 3362 614 3427 multitudine
638 3362 743 3427 nimie
766 3376 800 3427 et
834 3361 970 3427 insolita
1001 3382 1111 3425 secum
1134 3360 1300 3439 duxerint,
1322 3362 1444 3427 difficil-

398 3464 514 3530 limum
553 3470 588 3529 et
626 3463 846 3549 periculosum
892 3465 959 3529 erit
995 3462 1167 3529 malivolos
1204 3469 1240 3529 et
1275 3464 1448 3531 benevolos

398 3586 567 3651 separnre3
601 3571 635 3630 et
670 3565 745 3630 ideo
778 3564 838 3630 tali
872 3565 1093 3651 segregationi
1116 3565 1256 3631 terribili
1290 3587 1358 3631 non
1392 3591 1448 3632 ex-

398 3668 526 3753 pediret
549 3668 643 3733 vobis
666 3667 887 3754 personaliter
909 3668 1074 3746 interesse,
1089 3668 1169 3753 quia
1189 3669 1273 3734 sorte
1287 3668 1449 3735 Dominus

397 3768 495 3855 Psps,
519 3769 577 3854 qui
601 3768 684 3855 Regi
720 3769 873 3835 Frenoiee
896 3769 1039 3833 multum
1061 3769 1164 3849 lieret,
1186 3767 1377 3857 hujusmodi
1399 3773 1448 3836 in-

397 3871 566 3937 vasionem
588 3871 682 3957 regni
706 3870 828 3958 Anglie
852 3870 1090 3937 dissimulando
1112 3871 1277 3951 tolerabit,
1292 3874 1329 3937 in
1351 3896 1448 3960 poena

396 3970 611 4039 contumaciae
655 3978 689 4036 et
719 3978 928 4059 contemptus
958 3971 1150 4059 Anglornm,
1185 3974 1213 4039 si
1248 3974 1449 4040 ordinationi

397 4096 474 4153 suae,
497 4074 537 4140 de
574 4096 640 4160 qua
673 4096 774 4161 supra
807 4075 848 4140 fit
879 4075 1015 4154 mentio,
1035 4095 1104 4140 non
1136 4076 1316 4161 paruerint,
1349 4084 1448 4163 prout

396 4178 469 4243 Rex
502 4177 652 4243 Frenoiee
684 4183 719 4242 et
755 4176 899 4242 Domine
933 4176 1062 4262 Regina
1082 4175 1224 4263 Angliae‚
1247 4182 1287 4242 ut
1318 4178 1448 4255 dicitur,

396 4284 583 4367 paruerunt.
646 4279 683 4345 Si
721 4301 799 4345 vero
838 4278 1001 4345 Dominus
1038 4279 1112 4344 Rex
1148 4278 1275 4364 aliquid
1306 4282 1446 4347 arduum
1526 4364 1530 4369 .

396 4406 493 4469 super
531 4381 708 4470 praemissis
748 4382 844 4446 vobis
880 4381 1090 4447 mandaverit
1127 4380 1324 4463 iaciendum,
1362 4385 1445 4449 sicut

396 4486 475 4549 estis
511 4484 712 4571 praemuniti,
736 4482 856 4549 habita
883 4482 1126 4561 deliberatione,
1149 4483 1279 4550 facietis
1312 4508 1352 4551 ea
1374 4508 1446 4573 qnae

396 4587 495 4666 licite,
512 4586 690 4663 commode,
707 4591 741 4650 et
762 4584 898 4650 honeste
920 4586 993 4649 fieri
1016 4590 1181 4671 poterunt,
1204 4587 1307 4654 snlvis
1320 4610 1446 4676 semper

396 4690 572 4769 salvandis,
590 4690 668 4776 quia
694 4694 859 4775 praecepta
880 4689 984 4774 ipsius
1006 4688 1070 4755 Dei
1092 4712 1135 4754 ex
1158 4692 1247 4756 omni
1269 4699 1366 4777 parte
1380 4714 1446 4758 non

398 4798 583 4871 servantur,
619 4813 679 4858 nec
713 4792 813 4857 etiem
848 4791 959 4857 omnia
992 4799 1156 4879 pmecepta
1186 4791 1331 4864 heminis
1364 4796 1445 4862 bene
