<?xml version="1.0" encoding="UTF-8"?>
<!DOCTYPE html PUBLIC "-//W3C//DTD XHTML 1.0 Transitional//EN"
    "http://www.w3.org/TR/xhtml1/DTD/xhtml1-transitional.dtd">
<html xmlns="http://www.w3.org/1999/xhtml" xml:lang="en" lang="en">
 <head>
  <title>
</title>
<meta http-equiv="Content-Type" content="text/html;charset=utf-8" />
  <meta name='ocr-system' content='tesseract 3.04.00' />
  <meta name='ocr-capabilities' content='ocr_page ocr_carea ocr_par ocr_line ocrx_word'/>
</head>
<body>
  <div class='ocr_page' id='page_1' title='image "./literaecantuari01shepgoog_0464.png"; bbox 0 0 3309 5859; ppageno 0'>
   <div class='ocr_carea' id='block_1_1' title="bbox 118 16 1541 71">
    <p class='ocr_par' dir='ltr' id='par_1_1' title="bbox 118 16 1608 79">
     <span class='ocr_line' id='line_1_1' title="bbox 118 16 1541 71; baseline 0.004 -17"><span class='ocrx_word' id='word_1_1' title='bbox 118 16 1541 71; x_wconf 46' lang='lat' dir='ltr'><strong>“wwwwrrw’r-erwwsmwr</strong></span> 
     </span>
    </p>
   </div>
   <div class='ocr_carea' id='block_1_2' title="bbox 547 918 1214 980">
    <p class='ocr_par' dir='ltr' id='par_1_2' title="bbox 547 918 1214 980">
     <span class='ocr_line' id='line_1_2' title="bbox 547 918 1214 980; baseline 0.007 -5"><span class='ocrx_word' id='word_1_2' title='bbox 547 928 837 980; x_wconf 71' lang='lat' dir='ltr'><strong>cerruenrnnsus</strong></span> <span class='ocrx_word' id='word_1_3' title='bbox 1152 918 1214 980; x_wconf 76' lang='grc'><strong>361</strong></span> 
     </span>
    </p>
   </div>
   <div class='ocr_carea' id='block_1_3' title="bbox 128 1098 1370 2909">
    <p class='ocr_par' dir='ltr' id='par_1_3' title="bbox 128 1098 1370 2204">
     <span class='ocr_line' id='line_1_3' title="bbox 128 1098 1365 1187; baseline 0.009 -25"><span class='ocrx_word' id='word_1_4' title='bbox 128 1098 286 1164; x_wconf 89' lang='lat' dir='ltr'><strong>timum</strong></span> <span class='ocrx_word' id='word_1_5' title='bbox 308 1101 480 1187; x_wconf 86' lang='lat' dir='ltr'><strong>procedere</strong></span> <span class='ocrx_word' id='word_1_6' title='bbox 503 1103 718 1182; x_wconf 71' lang='lat' dir='ltr'><strong>intendimus,</strong></span> <span class='ocrx_word' id='word_1_7' title='bbox 740 1104 883 1170; x_wconf 92' lang='lat' dir='ltr'><strong>Domino</strong></span> <span class='ocrx_word' id='word_1_8' title='bbox 906 1108 1082 1169; x_wconf 84' lang='lat' dir='ltr'><strong>annuente.</strong></span> <span class='ocrx_word' id='word_1_9' title='bbox 1131 1104 1217 1183; x_wconf 84' lang='lat' dir='ltr'><strong>Quo·</strong></span> <span class='ocrx_word' id='word_1_10' title='bbox 1230 1110 1365 1173; x_wconf 72' lang='lat' dir='ltr'><strong>mmecby</strong></span> 
     </span>
     <span class='ocr_line' id='line_1_4' title="bbox 132 1175 1361 1305; baseline 0.003 -38"><span class='ocrx_word' id='word_1_11' title='bbox 132 1202 245 1268; x_wconf 83' lang='lat' dir='ltr'><strong>circa</strong></span> <span class='ocrx_word' id='word_1_12' title='bbox 271 1203 369 1269; x_wconf 89' lang='lat' dir='ltr'><strong>vobis</strong></span> <span class='ocrx_word' id='word_1_13' title='bbox 392 1206 629 1271; x_wconf 72' lang='lat' dir='ltr'><strong>committimus</strong></span> <span class='ocrx_word' id='word_1_14' title='bbox 644 1213 679 1271; x_wconf 89' lang='lat' dir='ltr'><strong>et</strong></span> <span class='ocrx_word' id='word_1_15' title='bbox 702 1206 906 1285; x_wconf 84' lang='lat' dir='ltr'><strong>mandemus,</strong></span> <span class='ocrx_word' id='word_1_16' title='bbox 929 1207 1088 1292; x_wconf 73' lang='lat' dir='ltr'><strong>quatinus</strong></span> <span class='ocrx_word' id='word_1_17' title='bbox 1104 1227 1217 1273; x_wconf 90' lang='lat' dir='ltr'><strong>omncs</strong></span> <span class='ocrx_word' id='word_1_18' title='bbox 1230 1175 1361 1305; x_wconf 48' lang='lat' dir='ltr'><strong>33}ssss</strong></span> 
     </span>
     <span class='ocr_line' id='line_1_5' title="bbox 135 1304 1370 1391; baseline 0.005 -23"><span class='ocrx_word' id='word_1_19' title='bbox 135 1309 180 1368; x_wconf 88' lang='lat' dir='ltr'><strong>et</strong></span> <span class='ocrx_word' id='word_1_20' title='bbox 208 1304 369 1391; x_wconf 87' lang='lat' dir='ltr'><strong>singulos</strong></span> <span class='ocrx_word' id='word_1_21' title='bbox 399 1313 531 1374; x_wconf 85' lang='lat' dir='ltr'><strong>nostros</strong></span> <span class='ocrx_word' id='word_1_22' title='bbox 560 1308 811 1375; x_wconf 78' lang='lat' dir='ltr'><strong>commonachos</strong></span> <span class='ocrx_word' id='word_1_23' title='bbox 842 1313 877 1374; x_wconf 91' lang='lat' dir='ltr'><strong>et</strong></span> <span class='ocrx_word' id='word_1_24' title='bbox 909 1308 1088 1373; x_wconf 73' lang='lat' dir='ltr'><strong>confratres</strong></span> <span class='ocrx_word' id='word_1_25' title='bbox 1121 1308 1370 1373; x_wconf 68' lang='lat' dir='ltr'><strong>dictaeofnasny.</strong></span> 
     </span>
     <span class='ocr_line' id='line_1_6' title="bbox 137 1406 1218 1497; baseline 0.002 -24"><span class='ocrx_word' id='word_1_26' title='bbox 137 1406 329 1486; x_wconf 81' lang='lat' dir='ltr'><strong>Ecclesiae,</strong></span> <span class='ocrx_word' id='word_1_27' title='bbox 360 1410 417 1494; x_wconf 93' lang='lat' dir='ltr'><strong>qui</strong></span> <span class='ocrx_word' id='word_1_28' title='bbox 449 1409 573 1476; x_wconf 90' lang='lat' dir='ltr'><strong>debent</strong></span> <span class='ocrx_word' id='word_1_29' title='bbox 611 1416 645 1476; x_wconf 93' lang='lat' dir='ltr'><strong>et</strong></span> <span class='ocrx_word' id='word_1_30' title='bbox 678 1416 819 1497; x_wconf 82' lang='lat' dir='ltr'><strong>possunt</strong></span> <span class='ocrx_word' id='word_1_31' title='bbox 852 1410 1044 1497; x_wconf 87' lang='lat' dir='ltr'><strong>hujusmodi</strong></span> <span class='ocrx_word' id='word_1_32' title='bbox 1082 1411 1218 1496; x_wconf 87' lang='lat' dir='ltr'><strong>negotio</strong></span> 
     </span>
     <span class='ocr_line' id='line_1_7' title="bbox 137 1509 1217 1600; baseline 0.004 -27"><span class='ocrx_word' id='word_1_33' title='bbox 137 1509 331 1589; x_wconf 79' lang='lat' dir='ltr'><strong>interesse,</strong></span> <span class='ocrx_word' id='word_1_34' title='bbox 376 1513 606 1597; x_wconf 78' lang='lat' dir='ltr'><strong>praemuniatis</strong></span> <span class='ocrx_word' id='word_1_35' title='bbox 652 1536 710 1579; x_wconf 92' lang='lat' dir='ltr'><strong>seu</strong></span> <span class='ocrx_word' id='word_1_36' title='bbox 758 1514 950 1600; x_wconf 86' lang='lat' dir='ltr'><strong>praemuniri</strong></span> <span class='ocrx_word' id='word_1_37' title='bbox 996 1512 1217 1598; x_wconf 84' lang='lat' dir='ltr'><strong>peremptorie</strong></span> 
     </span>
     <span class='ocr_line' id='line_1_8' title="bbox 141 1611 1218 1699; baseline 0.004 -24"><span class='ocrx_word' id='word_1_38' title='bbox 141 1611 296 1677; x_wconf 84' lang='lat' dir='ltr'><strong>faciatis</strong></span> <span class='ocrx_word' id='word_1_39' title='bbox 318 1614 406 1699; x_wconf 91' lang='lat' dir='ltr'><strong>quod</strong></span> <span class='ocrx_word' id='word_1_40' title='bbox 421 1614 520 1680; x_wconf 90' lang='lat' dir='ltr'><strong>dictis</strong></span> <span class='ocrx_word' id='word_1_41' title='bbox 543 1616 597 1679; x_wconf 94' lang='lat' dir='ltr'><strong>die</strong></span> <span class='ocrx_word' id='word_1_42' title='bbox 620 1620 654 1681; x_wconf 87' lang='lat' dir='ltr'><strong>ct</strong></span> <span class='ocrx_word' id='word_1_43' title='bbox 677 1615 758 1694; x_wconf 89' lang='lat' dir='ltr'><strong>loce,</strong></span> <span class='ocrx_word' id='word_1_44' title='bbox 773 1638 880 1682; x_wconf 87' lang='lat' dir='ltr'><strong>coram</strong></span> <span class='ocrx_word' id='word_1_45' title='bbox 905 1615 1000 1680; x_wconf 87' lang='lat' dir='ltr'><strong>nobis</strong></span> <span class='ocrx_word' id='word_1_46' title='bbox 1024 1636 1081 1681; x_wconf 86' lang='lat' dir='ltr'><strong>seu</strong></span> <span class='ocrx_word' id='word_1_47' title='bbox 1104 1620 1218 1679; x_wconf 86' lang='lat' dir='ltr'><strong>nostro</strong></span> 
     </span>
     <span class='ocr_line' id='line_1_9' title="bbox 146 1712 1216 1807; baseline 0.002 -28"><span class='ocrx_word' id='word_1_48' title='bbox 146 1712 399 1781; x_wconf 71' lang='lat' dir='ltr'><strong>commissario</strong></span> <span class='ocrx_word' id='word_1_49' title='bbox 421 1717 621 1803; x_wconf 88' lang='lat' dir='ltr'><strong>hujusmodi,</strong></span> <span class='ocrx_word' id='word_1_50' title='bbox 643 1741 678 1784; x_wconf 89' lang='lat' dir='ltr'><strong>se</strong></span> <span class='ocrx_word' id='word_1_51' title='bbox 701 1723 911 1807; x_wconf 74' lang='lat' dir='ltr'><strong>praesentent,</strong></span> <span class='ocrx_word' id='word_1_52' title='bbox 934 1719 1082 1785; x_wconf 87' lang='lat' dir='ltr'><strong>iecturos</strong></span> <span class='ocrx_word' id='word_1_53' title='bbox 1109 1722 1144 1782; x_wconf 92' lang='lat' dir='ltr'><strong>et</strong></span> <span class='ocrx_word' id='word_1_54' title='bbox 1165 1740 1216 1781; x_wconf 89' lang='lat' dir='ltr'><strong>re·</strong></span> 
     </span>
     <span class='ocr_line' id='line_1_10' title="bbox 146 1820 1216 1908; baseline 0 -26"><span class='ocrx_word' id='word_1_55' title='bbox 146 1824 318 1903; x_wconf 84' lang='lat' dir='ltr'><strong>cepturos</strong></span> <span class='ocrx_word' id='word_1_56' title='bbox 333 1820 539 1906; x_wconf 82' lang='lat' dir='ltr'><strong>quod,juxta</strong></span> <span class='ocrx_word' id='word_1_57' title='bbox 552 1843 674 1888; x_wconf 88' lang='lat' dir='ltr'><strong>morem</strong></span> <span class='ocrx_word' id='word_1_58' title='bbox 684 1822 847 1908; x_wconf 87' lang='lat' dir='ltr'><strong>praeteriti</strong></span> <span class='ocrx_word' id='word_1_59' title='bbox 863 1822 1030 1908; x_wconf 90' lang='lat' dir='ltr'><strong>temporis,</strong></span> <span class='ocrx_word' id='word_1_60' title='bbox 1045 1821 1216 1908; x_wconf 83' lang='lat' dir='ltr'><strong>negotium</strong></span> 
     </span>
     <span class='ocr_line' id='line_1_11' title="bbox 147 1919 1216 2009; baseline 0.003 -26"><span class='ocrx_word' id='word_1_61' title='bbox 147 1919 356 2005; x_wconf 89' lang='lat' dir='ltr'><strong>hujusmodi</strong></span> <span class='ocrx_word' id='word_1_62' title='bbox 378 1922 491 2008; x_wconf 81' lang='lat' dir='ltr'><strong>exiget</strong></span> <span class='ocrx_word' id='word_1_63' title='bbox 524 1928 558 1988; x_wconf 91' lang='lat' dir='ltr'><strong>et</strong></span> <span class='ocrx_word' id='word_1_64' title='bbox 588 1924 743 2009; x_wconf 86' lang='lat' dir='ltr'><strong>requiret.</strong></span> <span class='ocrx_word' id='word_1_65' title='bbox 789 1924 856 2007; x_wconf 85' lang='lat' dir='ltr'><strong>Vos</strong></span> <span class='ocrx_word' id='word_1_66' title='bbox 879 1925 980 1989; x_wconf 82' lang='lat' dir='ltr'><strong>etiam</strong></span> <span class='ocrx_word' id='word_1_67' title='bbox 1011 1922 1065 1987; x_wconf 87' lang='lat' dir='ltr'><strong>die</strong></span> <span class='ocrx_word' id='word_1_68' title='bbox 1089 1927 1124 1987; x_wconf 91' lang='lat' dir='ltr'><strong>et</strong></span> <span class='ocrx_word' id='word_1_69' title='bbox 1144 1922 1216 1987; x_wconf 93' lang='lat' dir='ltr'><strong>loco</strong></span> 
     </span>
     <span class='ocr_line' id='line_1_12' title="bbox 151 2022 1217 2112; baseline 0 -25"><span class='ocrx_word' id='word_1_70' title='bbox 151 2022 334 2107; x_wconf 89' lang='lat' dir='ltr'><strong>praedictis</strong></span> <span class='ocrx_word' id='word_1_71' title='bbox 355 2029 500 2091; x_wconf 87' lang='lat' dir='ltr'><strong>vestram</strong></span> <span class='ocrx_word' id='word_1_72' title='bbox 534 2026 687 2092; x_wconf 90' lang='lat' dir='ltr'><strong>similiter</strong></span> <span class='ocrx_word' id='word_1_73' title='bbox 721 2026 885 2092; x_wconf 82' lang='lat' dir='ltr'><strong>studeatis</strong></span> <span class='ocrx_word' id='word_1_74' title='bbox 919 2025 1131 2112; x_wconf 75' lang='lat' dir='ltr'><strong>praesentiam</strong></span> <span class='ocrx_word' id='word_1_75' title='bbox 1158 2046 1217 2088; x_wconf 84' lang='lat' dir='ltr'><strong>ex·</strong></span> 
     </span>
     <span class='ocr_line' id='line_1_13' title="bbox 152 2125 1216 2204; baseline 0.002 -15"><span class='ocrx_word' id='word_1_76' title='bbox 152 2125 287 2204; x_wconf 89' lang='lat' dir='ltr'><strong>hibere,</strong></span> <span class='ocrx_word' id='word_1_77' title='bbox 320 2127 539 2195; x_wconf 78' lang='lat' dir='ltr'><strong>certificantes</strong></span> <span class='ocrx_word' id='word_1_78' title='bbox 572 2151 632 2194; x_wconf 91' lang='lat' dir='ltr'><strong>nos</strong></span> <span class='ocrx_word' id='word_1_79' title='bbox 670 2129 725 2194; x_wconf 92' lang='lat' dir='ltr'><strong>vel</strong></span> <span class='ocrx_word' id='word_1_80' title='bbox 761 2136 913 2195; x_wconf 88' lang='lat' dir='ltr'><strong>nostrum</strong></span> <span class='ocrx_word' id='word_1_81' title='bbox 947 2127 1216 2195; x_wconf 72' lang='lat' dir='ltr'><strong>commissarium</strong></span> 
     </span>
    </p>

    <p class='ocr_par' dir='ltr' id='par_1_4' title="bbox 155 2228 1216 2522">
     <span class='ocr_line' id='line_1_14' title="bbox 155 2228 1215 2318; baseline 0.001 -26"><span class='ocrx_word' id='word_1_82' title='bbox 155 2233 246 2293; x_wconf 90' lang='lat' dir='ltr'><strong>tunc</strong></span> <span class='ocrx_word' id='word_1_83' title='bbox 277 2228 402 2293; x_wconf 88' lang='lat' dir='ltr'><strong>ibidem</strong></span> <span class='ocrx_word' id='word_1_84' title='bbox 437 2231 517 2315; x_wconf 91' lang='lat' dir='ltr'><strong>quid</strong></span> <span class='ocrx_word' id='word_1_85' title='bbox 548 2232 585 2295; x_wconf 93' lang='lat' dir='ltr'><strong>in</strong></span> <span class='ocrx_word' id='word_1_86' title='bbox 617 2232 795 2318; x_wconf 69' lang='lat' dir='ltr'><strong>preemissis</strong></span> <span class='ocrx_word' id='word_1_87' title='bbox 826 2231 973 2297; x_wconf 85' lang='lat' dir='ltr'><strong>feceritis</strong></span> <span class='ocrx_word' id='word_1_88' title='bbox 995 2237 1029 2297; x_wconf 91' lang='lat' dir='ltr'><strong>et</strong></span> <span class='ocrx_word' id='word_1_89' title='bbox 1052 2230 1215 2295; x_wconf 82' lang='lat' dir='ltr'><strong>duxeritis</strong></span> 
     </span>
     <span class='ocr_line' id='line_1_15' title="bbox 156 2330 1216 2421; baseline 0.003 -27"><span class='ocrx_word' id='word_1_90' title='bbox 156 2330 364 2410; x_wconf 84' lang='lat' dir='ltr'><strong>faciendum,</strong></span> <span class='ocrx_word' id='word_1_91' title='bbox 379 2354 453 2397; x_wconf 92' lang='lat' dir='ltr'><strong>cum</strong></span> <span class='ocrx_word' id='word_1_92' title='bbox 476 2334 667 2400; x_wconf 91' lang='lat' dir='ltr'><strong>nominibus</strong></span> <span class='ocrx_word' id='word_1_93' title='bbox 689 2335 832 2413; x_wconf 90' lang='lat' dir='ltr'><strong>illorum,</strong></span> <span class='ocrx_word' id='word_1_94' title='bbox 855 2335 914 2421; x_wconf 91' lang='lat' dir='ltr'><strong>qui</strong></span> <span class='ocrx_word' id='word_1_95' title='bbox 935 2340 975 2399; x_wconf 92' lang='lat' dir='ltr'><strong>ut</strong></span> <span class='ocrx_word' id='word_1_96' title='bbox 996 2334 1216 2420; x_wconf 72' lang='lat' dir='ltr'><strong>praemittitur</strong></span> 
     </span>
     <span class='ocr_line' id='line_1_16' title="bbox 157 2431 1214 2522; baseline 0.005 -28"><span class='ocrx_word' id='word_1_97' title='bbox 157 2431 292 2497; x_wconf 90' lang='lat' dir='ltr'><strong>fuerint</strong></span> <span class='ocrx_word' id='word_1_98' title='bbox 314 2436 515 2519; x_wconf 74' lang='lat' dir='ltr'><strong>praemuniti,</strong></span> <span class='ocrx_word' id='word_1_99' title='bbox 538 2436 575 2499; x_wconf 92' lang='lat' dir='ltr'><strong>in</strong></span> <span class='ocrx_word' id='word_1_100' title='bbox 605 2436 748 2522; x_wconf 87' lang='lat' dir='ltr'><strong>quadam</strong></span> <span class='ocrx_word' id='word_1_101' title='bbox 771 2436 888 2503; x_wconf 87' lang='lat' dir='ltr'><strong>cedula</strong></span> <span class='ocrx_word' id='word_1_102' title='bbox 918 2440 1031 2500; x_wconf 85' lang='lat' dir='ltr'><strong>vestro</strong></span> <span class='ocrx_word' id='word_1_103' title='bbox 1053 2434 1214 2500; x_wconf 86' lang='lat' dir='ltr'><strong>certifica-</strong></span> 
     </span>
    </p>

    <p class='ocr_par' dir='ltr' id='par_1_5' title="bbox 161 2522 1249 2829">
     <span class='ocr_line' id='line_1_17' title="bbox 161 2522 1214 2623; baseline 0.002 -26"><span class='ocrx_word' id='word_1_104' title='bbox 161 2534 251 2599; x_wconf 87' lang='lat' dir='ltr'><strong>torio</strong></span> <span class='ocrx_word' id='word_1_105' title='bbox 284 2534 474 2620; x_wconf 90' lang='lat' dir='ltr'><strong>hujusmodi</strong></span> <span class='ocrx_word' id='word_1_106' title='bbox 505 2538 722 2616; x_wconf 81' lang='lat' dir='ltr'><strong>annectenda,</strong></span> <span class='ocrx_word' id='word_1_107' title='bbox 760 2537 962 2623; x_wconf 86' lang='lat' dir='ltr'><strong>conscriptis,</strong></span> <span class='ocrx_word' id='word_1_108' title='bbox 997 2522 1057 2623; x_wconf 85' lang='lat' dir='ltr'><strong>per¹</strong></span> <span class='ocrx_word' id='word_1_109' title='bbox 1087 2540 1214 2600; x_wconf 82' lang='lat' dir='ltr'><strong>vestras</strong></span> 
     </span>
     <span class='ocr_line' id='line_1_18' title="bbox 161 2636 1249 2722; baseline 0 -21"><span class='ocrx_word' id='word_1_110' title='bbox 161 2640 319 2722; x_wconf 86' lang='lat' dir='ltr'><strong>patentes</strong></span> <span class='ocrx_word' id='word_1_111' title='bbox 356 2637 495 2715; x_wconf 85' lang='lat' dir='ltr'><strong>litteras,</strong></span> <span class='ocrx_word' id='word_1_112' title='bbox 532 2637 651 2703; x_wconf 87' lang='lat' dir='ltr'><strong>harum</strong></span> <span class='ocrx_word' id='word_1_113' title='bbox 697 2639 815 2705; x_wconf 87' lang='lat' dir='ltr'><strong>seriem</strong></span> <span class='ocrx_word' id='word_1_114' title='bbox 854 2640 1070 2705; x_wconf 82' lang='lat' dir='ltr'><strong>continentes</strong></span> <span class='ocrx_word' id='word_1_115' title='bbox 1137 2636 1215 2702; x_wconf 89' lang='lat' dir='ltr'><strong>Dat.</strong></span> <span class='ocrx_word' id='word_1_116' title='bbox 1247 2678 1249 2683; x_wconf 93' lang='lat'>-</span> 
     </span>
     <span class='ocr_line' id='line_1_19' title="bbox 164 2738 1216 2829; baseline 0.002 -26"><span class='ocrx_word' id='word_1_117' title='bbox 164 2738 256 2824; x_wconf 81' lang='lat' dir='ltr'><strong>apud</strong></span> <span class='ocrx_word' id='word_1_118' title='bbox 271 2738 438 2806; x_wconf 83' lang='lat' dir='ltr'><strong>Mortelak</strong></span> <span class='ocrx_word' id='word_1_119' title='bbox 454 2740 572 2807; x_wconf 88' lang='lat' dir='ltr'><strong>Idibus</strong></span> <span class='ocrx_word' id='word_1_120' title='bbox 587 2741 723 2829; x_wconf 83' lang='lat' dir='ltr'><strong>Aprilis,</strong></span> <span class='ocrx_word' id='word_1_121' title='bbox 739 2763 827 2807; x_wconf 84' lang='lat' dir='ltr'><strong>anno</strong></span> <span class='ocrx_word' id='word_1_122' title='bbox 843 2740 921 2805; x_wconf 89' lang='lat' dir='ltr'><strong>Dni.</strong></span> <span class='ocrx_word' id='word_1_123' title='bbox 947 2738 1216 2817; x_wconf 72' lang='lat' dir='ltr'><strong>M⁰cccffl0xxxs⁰,</strong></span> 
     </span>
    </p>

    <p class='ocr_par' dir='ltr' id='par_1_6' title="bbox 166 2842 753 2909">
     <span class='ocr_line' id='line_1_20' title="bbox 166 2842 753 2909; baseline 0.007 -4"><span class='ocrx_word' id='word_1_124' title='bbox 166 2844 201 2905; x_wconf 90' lang='lat' dir='ltr'><strong>et</strong></span> <span class='ocrx_word' id='word_1_125' title='bbox 223 2842 478 2908; x_wconf 88' lang='lat' dir='ltr'><strong>consecrationis</strong></span> <span class='ocrx_word' id='word_1_126' title='bbox 500 2848 622 2909; x_wconf 86' lang='lat' dir='ltr'><strong>nostrae</strong></span> <span class='ocrx_word' id='word_1_127' title='bbox 645 2844 753 2909; x_wconf 88' lang='lat' dir='ltr'><strong>tertio.</strong></span> 
     </span>
    </p>
   </div>
   <div class='ocr_carea' id='block_1_4' title="bbox 650 3120 725 3191">
    <p class='ocr_par' dir='ltr' id='par_1_7' title="bbox 650 3120 725 3191">
     <span class='ocr_line' id='line_1_21' title="bbox 650 3120 725 3191; baseline 0 -3"><span class='ocrx_word' id='word_1_128' title='bbox 650 3120 725 3191; x_wconf 77' lang='lat'><strong>347.</strong></span> 
     </span>
    </p>
   </div>
   <div class='ocr_carea' id='block_1_5' title="bbox 175 3467 1217 4070">
    <p class='ocr_par' dir='ltr' id='par_1_8' title="bbox 175 3467 1217 4070">
     <span class='ocr_line' id='line_1_22' title="bbox 217 3467 1217 3557; baseline 0 -22"><span class='ocrx_word' id='word_1_129' title='bbox 217 3468 380 3555; x_wconf 85' lang='lat' dir='ltr'><strong>Greeting.</strong></span> <span class='ocrx_word' id='word_1_130' title='bbox 427 3467 519 3535; x_wconf 86' lang='lat' dir='ltr'><strong>Teke</strong></span> <span class='ocrx_word' id='word_1_131' title='bbox 534 3469 643 3535; x_wconf 90' lang='lat' dir='ltr'><strong>notice</strong></span> <span class='ocrx_word' id='word_1_132' title='bbox 657 3468 735 3535; x_wconf 87' lang='lat' dir='ltr'><strong>that</strong></span> <span class='ocrx_word' id='word_1_133' title='bbox 756 3491 808 3535; x_wconf 85' lang='lat' dir='ltr'><strong>we</strong></span> <span class='ocrx_word' id='word_1_134' title='bbox 830 3491 886 3535; x_wconf 88' lang='lat' dir='ltr'><strong>are</strong></span> <span class='ocrx_word' id='word_1_135' title='bbox 901 3470 1092 3557; x_wconf 84' lang='lat' dir='ltr'><strong>grievously</strong></span> <span class='ocrx_word' id='word_1_136' title='bbox 1107 3470 1217 3535; x_wconf 88' lang='lat' dir='ltr'><strong>levied</strong></span> 
     </span>
     <span class='ocr_line' id='line_1_23' title="bbox 175 3570 1215 3659; baseline 0 -22"><span class='ocrx_word' id='word_1_137' title='bbox 175 3594 259 3659; x_wconf 90' lang='lat' dir='ltr'><strong>upon</strong></span> <span class='ocrx_word' id='word_1_138' title='bbox 273 3571 309 3636; x_wconf 92' lang='lat' dir='ltr'><strong>in</strong></span> <span class='ocrx_word' id='word_1_139' title='bbox 324 3594 385 3637; x_wconf 90' lang='lat' dir='ltr'><strong>our</strong></span> <span class='ocrx_word' id='word_1_140' title='bbox 400 3592 517 3637; x_wconf 86' lang='lat' dir='ltr'><strong>menor</strong></span> <span class='ocrx_word' id='word_1_141' title='bbox 531 3572 568 3637; x_wconf 86' lang='lat' dir='ltr'><strong>of</strong></span> <span class='ocrx_word' id='word_1_142' title='bbox 582 3570 744 3639; x_wconf 89' lang='lat' dir='ltr'><strong>Wootton</strong></span> <span class='ocrx_word' id='word_1_143' title='bbox 758 3572 805 3657; x_wconf 89' lang='lat' dir='ltr'><strong>by</strong></span> <span class='ocrx_word' id='word_1_144' title='bbox 821 3572 946 3639; x_wconf 89' lang='lat' dir='ltr'><strong>Robert</strong></span> <span class='ocrx_word' id='word_1_145' title='bbox 962 3573 1002 3638; x_wconf 91' lang='lat' dir='ltr'><strong>de</strong></span> <span class='ocrx_word' id='word_1_146' title='bbox 1028 3571 1215 3638; x_wconf 87' lang='lat' dir='ltr'><strong>Grofhnrst</strong></span> 
     </span>
     <span class='ocr_line' id='line_1_24' title="bbox 176 3672 1215 3763; baseline 0 -23"><span class='ocrx_word' id='word_1_147' title='bbox 176 3674 230 3740; x_wconf 92' lang='lat' dir='ltr'><strong>the</strong></span> <span class='ocrx_word' id='word_1_148' title='bbox 245 3673 477 3760; x_wconf 88' lang='lat' dir='ltr'><strong>Archhishop&#39;s</strong></span> <span class='ocrx_word' id='word_1_149' title='bbox 500 3673 619 3739; x_wconf 83' lang='lat' dir='ltr'><strong>Beiiiff</strong></span> <span class='ocrx_word' id='word_1_150' title='bbox 641 3678 678 3739; x_wconf 89' lang='lat' dir='ltr'><strong>et</strong></span> <span class='ocrx_word' id='word_1_151' title='bbox 693 3672 801 3739; x_wconf 86' lang='lat' dir='ltr'><strong>South</strong></span> <span class='ocrx_word' id='word_1_152' title='bbox 817 3673 968 3761; x_wconf 86' lang='lat' dir='ltr'><strong>Malling,</strong></span> <span class='ocrx_word' id='word_1_153' title='bbox 983 3672 1029 3761; x_wconf 84' lang='lat' dir='ltr'><strong>by&#39;</strong></span> <span class='ocrx_word' id='word_1_154' title='bbox 1045 3696 1066 3740; x_wconf 86' lang='lat' dir='ltr'><strong>a</strong></span> <span class='ocrx_word' id='word_1_155' title='bbox 1080 3681 1215 3763; x_wconf 87' lang='lat' dir='ltr'><strong>precept</strong></span> 
     </span>
     <span class='ocr_line' id='line_1_25' title="bbox 177 3774 1213 3862; baseline -0.001 -20"><span class='ocrx_word' id='word_1_156' title='bbox 177 3778 255 3842; x_wconf 88' lang='lat' dir='ltr'><strong>from</strong></span> <span class='ocrx_word' id='word_1_157' title='bbox 270 3776 327 3841; x_wconf 91' lang='lat' dir='ltr'><strong>the</strong></span> <span class='ocrx_word' id='word_1_158' title='bbox 344 3776 471 3842; x_wconf 87' lang='lat' dir='ltr'><strong>Sheriff</strong></span> <span class='ocrx_word' id='word_1_159' title='bbox 491 3776 529 3841; x_wconf 82' lang='lat' dir='ltr'><strong>of</strong></span> <span class='ocrx_word' id='word_1_160' title='bbox 540 3774 666 3862; x_wconf 80' lang='lat' dir='ltr'><strong>Surrey</strong></span> <span class='ocrx_word' id='word_1_161' title='bbox 681 3776 749 3841; x_wconf 85' lang='lat' dir='ltr'><strong>end</strong></span> <span class='ocrx_word' id='word_1_162' title='bbox 764 3776 897 3855; x_wconf 84' lang='lat' dir='ltr'><strong>Sussex,</strong></span> <span class='ocrx_word' id='word_1_163' title='bbox 912 3777 966 3842; x_wconf 86' lang='lat' dir='ltr'><strong>for</strong></span> <span class='ocrx_word' id='word_1_164' title='bbox 992 3777 1089 3843; x_wconf 85' lang='lat' dir='ltr'><strong>debts</strong></span> <span class='ocrx_word' id='word_1_165' title='bbox 1103 3778 1213 3843; x_wconf 85' lang='lat' dir='ltr'><strong>which</strong></span> 
     </span>
     <span class='ocr_line' id='line_1_26' title="bbox 179 3878 1215 3966; baseline 0.001 -22"><span class='ocrx_word' id='word_1_166' title='bbox 179 3900 230 3944; x_wconf 82' lang='lat' dir='ltr'><strong>are</strong></span> <span class='ocrx_word' id='word_1_167' title='bbox 252 3878 392 3965; x_wconf 86' lang='lat' dir='ltr'><strong>charged</strong></span> <span class='ocrx_word' id='word_1_168' title='bbox 414 3879 547 3965; x_wconf 82' lang='lat' dir='ltr'><strong>against</strong></span> <span class='ocrx_word' id='word_1_169' title='bbox 568 3901 609 3944; x_wconf 88' lang='lat' dir='ltr'><strong>us</strong></span> <span class='ocrx_word' id='word_1_170' title='bbox 636 3880 673 3943; x_wconf 93' lang='lat' dir='ltr'><strong>in</strong></span> <span class='ocrx_word' id='word_1_171' title='bbox 688 3878 746 3944; x_wconf 90' lang='lat' dir='ltr'><strong>the</strong></span> <span class='ocrx_word' id='word_1_172' title='bbox 763 3878 864 3945; x_wconf 89' lang='lat' dir='ltr'><strong>Office</strong></span> <span class='ocrx_word' id='word_1_173' title='bbox 889 3879 928 3944; x_wconf 87' lang='lat' dir='ltr'><strong>of</strong></span> <span class='ocrx_word' id='word_1_174' title='bbox 947 3879 1005 3944; x_wconf 88' lang='lat' dir='ltr'><strong>the</strong></span> <span class='ocrx_word' id='word_1_175' title='bbox 1021 3878 1111 3966; x_wconf 90' lang='lat' dir='ltr'><strong>Pipe,</strong></span> <span class='ocrx_word' id='word_1_176' title='bbox 1126 3902 1163 3945; x_wconf 84' lang='lat' dir='ltr'><strong>as</strong></span> <span class='ocrx_word' id='word_1_177' title='bbox 1187 3880 1215 3945; x_wconf 87' lang='lat' dir='ltr'><strong>is</strong></span> 
     </span>
     <span class='ocr_line' id='line_1_27' title="bbox 181 3982 1215 4070; baseline -0.001 -21"><span class='ocrx_word' id='word_1_178' title='bbox 181 3984 344 4070; x_wconf 86' lang='lat' dir='ltr'><strong>expressed</strong></span> <span class='ocrx_word' id='word_1_179' title='bbox 359 3983 396 4047; x_wconf 92' lang='lat' dir='ltr'><strong>in</strong></span> <span class='ocrx_word' id='word_1_180' title='bbox 411 4003 432 4048; x_wconf 86' lang='lat' dir='ltr'><strong>a</strong></span> <span class='ocrx_word' id='word_1_181' title='bbox 445 3982 600 4048; x_wconf 88' lang='lat' dir='ltr'><strong>schedule</strong></span> <span class='ocrx_word' id='word_1_182' title='bbox 623 3983 773 4049; x_wconf 86' lang='lat' dir='ltr'><strong>enclosed</strong></span> <span class='ocrx_word' id='word_1_183' title='bbox 796 3982 919 4048; x_wconf 85' lang='lat' dir='ltr'><strong>hersin.</strong></span> <span class='ocrx_word' id='word_1_184' title='bbox 966 3982 1141 4049; x_wconf 83' lang='lat' dir='ltr'><strong>Thereiore</strong></span> <span class='ocrx_word' id='word_1_185' title='bbox 1164 4005 1215 4048; x_wconf 88' lang='lat' dir='ltr'><strong>we</strong></span> 
     </span>
    </p>
   </div>
   <div class='ocr_carea' id='block_1_6' title="bbox 181 4086 1216 4173">
    <p class='ocr_par' dir='ltr' id='par_1_9' title="bbox 181 4086 1216 4173">
     <span class='ocr_line' id='line_1_28' title="bbox 181 4086 1216 4173; baseline 0 -24"><span class='ocrx_word' id='word_1_186' title='bbox 181 4086 299 4171; x_wconf 86' lang='lat' dir='ltr'><strong>require</strong></span> <span class='ocrx_word' id='word_1_187' title='bbox 321 4108 390 4172; x_wconf 83' lang='lat' dir='ltr'><strong>you</strong></span> <span class='ocrx_word' id='word_1_188' title='bbox 405 4091 441 4151; x_wconf 91' lang='lat' dir='ltr'><strong>to</strong></span> <span class='ocrx_word' id='word_1_189' title='bbox 455 4107 594 4173; x_wconf 83' lang='lat' dir='ltr'><strong>procuro</strong></span> <span class='ocrx_word' id='word_1_190' title='bbox 619 4086 741 4172; x_wconf 88' lang='lat' dir='ltr'><strong>speedy</strong></span> <span class='ocrx_word' id='word_1_191' title='bbox 757 4086 902 4172; x_wconf 88' lang='lat' dir='ltr'><strong>remedy,</strong></span> <span class='ocrx_word' id='word_1_192' title='bbox 918 4086 969 4150; x_wconf 89' lang='lat' dir='ltr'><strong>for</strong></span> <span class='ocrx_word' id='word_1_193' title='bbox 984 4108 1034 4151; x_wconf 83' lang='lat' dir='ltr'><strong>we</strong></span> <span class='ocrx_word' id='word_1_194' title='bbox 1047 4086 1149 4150; x_wconf 88' lang='lat' dir='ltr'><strong>know</strong></span> <span class='ocrx_word' id='word_1_195' title='bbox 1164 4086 1216 4151; x_wconf 87' lang='lat' dir='ltr'><strong>for</strong></span> 
     </span>
    </p>
   </div>
   <div class='ocr_carea' id='block_1_7' title="bbox 183 4188 1217 4481">
    <p class='ocr_par' dir='ltr' id='par_1_10' title="bbox 183 4188 1217 4481">
     <span class='ocr_line' id='line_1_29' title="bbox 183 4188 1216 4275; baseline -0.002 -20"><span class='ocrx_word' id='word_1_196' title='bbox 183 4189 295 4255; x_wconf 85' lang='lat' dir='ltr'><strong>certein</strong></span> <span class='ocrx_word' id='word_1_197' title='bbox 316 4189 393 4255; x_wconf 89' lang='lat' dir='ltr'><strong>that</strong></span> <span class='ocrx_word' id='word_1_198' title='bbox 415 4189 473 4255; x_wconf 87' lang='lat' dir='ltr'><strong>the</strong></span> <span class='ocrx_word' id='word_1_199' title='bbox 490 4189 571 4255; x_wconf 90' lang='lat' dir='ltr'><strong>deht</strong></span> <span class='ocrx_word' id='word_1_200' title='bbox 585 4189 647 4255; x_wconf 84' lang='lat' dir='ltr'><strong>hes</strong></span> <span class='ocrx_word' id='word_1_201' title='bbox 670 4190 755 4255; x_wconf 89' lang='lat' dir='ltr'><strong>been</strong></span> <span class='ocrx_word' id='word_1_202' title='bbox 781 4188 869 4275; x_wconf 87' lang='lat' dir='ltr'><strong>paid,</strong></span> <span class='ocrx_word' id='word_1_203' title='bbox 888 4190 954 4254; x_wconf 87' lang='lat' dir='ltr'><strong>end</strong></span> <span class='ocrx_word' id='word_1_204' title='bbox 970 4188 1053 4273; x_wconf 90' lang='lat' dir='ltr'><strong>duly</strong></span> <span class='ocrx_word' id='word_1_205' title='bbox 1068 4189 1216 4254; x_wconf 87' lang='lat' dir='ltr'><strong>credited</strong></span> 
     </span>
     <span class='ocr_line' id='line_1_30' title="bbox 184 4290 1217 4481; baseline 0.001 -125"><span class='ocrx_word' id='word_1_206' title='bbox 184 4290 623 4481; x_wconf 42' lang='lat' dir='ltr'><strong>iisshgfffi&#39;fflmhequer&#39;</strong></span> <span class='ocrx_word' id='word_1_207' title='bbox 655 4292 776 4359; x_wconf 80' lang='lat' dir='ltr'><strong>Given</strong></span> <span class='ocrx_word' id='word_1_208' title='bbox 794 4298 829 4357; x_wconf 88' lang='lat' dir='ltr'><strong>at</strong></span> <span class='ocrx_word' id='word_1_209' title='bbox 846 4290 1058 4377; x_wconf 83' lang='lat' dir='ltr'><strong>Centerbury</strong></span> <span class='ocrx_word' id='word_1_210' title='bbox 1069 4290 1127 4355; x_wconf 89' lang='lat' dir='ltr'><strong>the</strong></span> <span class='ocrx_word' id='word_1_211' title='bbox 1141 4291 1217 4357; x_wconf 87' lang='lat' dir='ltr'><strong>first</strong></span> 
     </span>
    </p>
   </div>
   <div class='ocr_carea' id='block_1_8' title="bbox 0 0 1690 5859">
    <p class='ocr_par' dir='ltr' id='par_1_11' title="bbox 0 0 1690 5859">
     <span class='ocr_line' id='line_1_31' title="bbox 0 0 1690 5859; baseline 0 0"><span class='ocrx_word' id='word_1_212' title='bbox 0 0 1690 5859; x_wconf 95' lang='lat' dir='ltr'><strong> </strong></span> 
     </span>
    </p>
   </div>
  </div>
 </body>
</html>
