3309 5859
597 966 890 1018 caurusmsnsus.
1232 961 1275 1023 33

206 1155 341 1221 vocatio
387 1162 551 1243 suspecta,
596 1157 765 1224 habebitis
816 1161 1065 1248 transcriptum,
1105 1183 1164 1248 per
1210 1163 1274 1228 Dei

212 1257 366 1342 gratiam,
388 1258 479 1324 infra
501 1259 652 1324 triduum
688 1261 743 1326 vel
778 1263 1007 1348 quatriduum,
1031 1273 1071 1329 ut
1093 1265 1273 1332 deliberare

209 1359 344 1446 plenius
366 1367 403 1426 et
432 1363 618 1428 consultius
656 1365 797 1450 possitis.
845 1365 896 1431 De
935 1368 1055 1433 ceteris
1093 1370 1129 1433 in
1151 1371 1271 1434 vestris

212 1463 336 1530 litteris
358 1465 525 1531 contentis
539 1465 636 1531 vobis
656 1466 846 1546 scribemus,
861 1474 896 1534 et
911 1469 1083 1534 mittemus
1098 1468 1180 1534 alias
1196 1491 1268 1534 cum

212 1565 340 1632 dictum
365 1568 549 1654 recepimus
581 1570 829 1656 transcriptum,
855 1571 943 1656 quod
976 1578 1026 1636 est
1049 1571 1207 1649 mirabile,
1232 1579 1270 1636 nt

212 1668 356 1734 videtur.
402 1669 494 1736 Bene
510 1671 623 1736 valeat
638 1670 794 1736 dominus
811 1683 844 1736 et
861 1672 993 1738 amicus.
1040 1673 1164 1738 Datum
1179 1675 1269 1760 apud

212 1771 364 1858 Hallyng
385 1771 440 1838 die
464 1772 606 1839 Sabbati
629 1773 828 1861 supradicto.
853 1857 856 1864 Ι

213 2053 465 2122 40.-L1rraas
487 2055 629 2122 Domni
652 2058 926 2124 Asonrnrrsoom
950 2075 996 2124 aa
1019 2075 1091 2124 uno
1122 2075 1267 2125 caruca
1312 2065 1400 2116 ⁹Jan.

323 2174 560 2224 raouovanuo
596 2177 663 2228 saur
698 2177 899 2238 eumarum
923 2160 1092 2226 Euscoro
1122 2179 1167 2228 nn
1191 2179 1265 2228 isso
1323 2137 1393 2182 ¹³⁰⁹·

323 2275 554 2327 wum-
1275 2237 1422 2355 tisser-

256 2425 423 2494 Robertus
456 2428 671 2514 permissione
705 2429 822 2494 divina
862 2429 1110 2498 Cantaurionsis
1140 2419 1263 2497 'Archi-
1276 2437 1435 2488 Tnsformsl

209 2531 391 2619 episcopm,
414 2537 483 2609 ete,
507 2533 691 2598 venerabili
713 2533 813 2600 fratri
837 2533 981 2600 Domino
1005 2535 1042 2602 R.
1069 2535 1132 2601 Dei
1155 2513 1401 2622 g1·atia,¹}²f⁰,¹¹h¹,l¹⁰⁰

209 2633 372 2721 El³i⁵³⁰⁰ll0
409 2635 555 2721 Elyensi,
590 2636 742 2715 salutem,
774 2643 809 2702 et
846 2637 1008 2702 sinceram
1044 2639 1080 2702 in
1119 2637 1262 2705 Domino
1275 2639 1358 2716 nah-

209 2737 393 2804 caritatem.
441 2737 563 2803 Sancta
590 2737 841 2804 cantuariensis
875 2739 1028 2817 Ecclesia,
1052 2744 1171 2804 vestrae
1203 2741 1262 2806 Ec-
1276 2705 1425 2821 iissffis

207 2839 316 2906 alesia
347 2839 597 2927 metropolitica,
630 2863 703 2928 quae
741 2863 810 2928 prae
849 2843 965 2907 ceteris
1004 2843 1262 2908 occidentalibus
1276 2839 1308 2957 g,-
1322 2839 1423 2954 prorp

207 2941 353 3010 ecclesiis
374 2943 623 3030 quampluribus
656 2942 850 3030 privilegiis,
872 2943 1093 3022 libertatibus,
1117 2967 1155 3011 ac
1186 2969 1261 3037 con-
1277 2920 1401 3035 Eiiii‘)

207 3044 439 3111 suetudinibus
462 3045 685 3111 laudabilibus
718 3045 840 3112 abalim
864 3045 984 3124 fuerat,
1007 3052 1041 3111 et
1063 3047 1172 3113 adhuc
1204 3054 1262 3125 est,
1275 3037 1436 3104 quiringhim

208 3146 628 3234 multiplicatusque,
652 3153 705 3214 aa
727 3149 809 3213 aas
825 3155 860 3214 a
876 3150 976 3214 aaa
1000 3151 1263 3236 oppressionibus
1276 3107 1422 3237 ξὲῗὲἶιμς

207 3273 247 3316 ac
281 3249 478 3336 calumpniis
510 3251 758 3316 adversantium
790 3255 843 3316 est
876 3251 1034 3336 subjecta,
1068 3253 1165 3336 quod,
1198 3254 1263 3317 nisi
1276 3241 1406 3318 ecelesias-

207 3353 396 3440 sapisntum
434 3353 498 3418 sibi
535 3353 763 3419 assistentium
801 3355 956 3440 praesidio
993 3353 1175 3432 fulciretur,
1213 3379 1262 3420 re·
1277 3306 1394 3422 {iiiiii

209 3458 326 3523 sistere
347 3478 415 3522 non
438 3453 600 3521 sufficeret
624 3455 861 3521 insidiantibus
894 3463 929 3522 et
960 3457 1199 3522 insultantibus
1222 3481 1264 3523 ex
1277 3439 1422 3570 Ξζᾞέξξθζῒ

208 3561 357 3629 adverso.
405 3559 450 3624 Et
465 3560 541 3624 ideo
564 3564 611 3637 ut,
627 3563 725 3624 aucto
748 3580 884 3625 suorum
900 3581 1037 3625 numero
1053 3560 1261 3627 defensorum
1276 3572 1435 3624 senescens

209 3663 356 3750 quietius
378 3663 523 3751 gaudeat
540 3663 675 3748 juribus
697 3661 883 3748 adquisitis
898 3668 933 3728 et
956 3640 1422 3758 solidiusjoccurrat3333„

209 3765 376 3832 insidiosis
388 3763 514 3853 ⁸jaculis
536 3764 768 3829 invadentium
785 3770 820 3829 et
834 3765 1072 3853 apponentium
1096 3787 1156 3830 sua
1174 3767 1261 3851 jura,
1274 3774 1360 3839 byns

207 3871 265 3956 pie
297 3875 332 3933 et
364 3867 577 3933 laudabiliter
610 3888 670 3955 per
701 3867 973 3933 consuetudinem
997 3872 1048 3932 est
1077 3867 1260 3950 inductum²
1275 3841 1378 3970 ssqqqp
1390 3905 1416 3954 in

209 3973 299 4060 quod
321 3969 443 4056 singuli
467 3971 613 4056 ejusdem
636 3970 790 4036 Ecclesiae
821 3971 1028 4056 suffraganei,
1052 3971 1110 4056 qui
1136 3972 1263 4056 jurium
1277 3974 1413 4022 fulfllmsnt

208 4077 403 4142 libertatum
427 4078 462 4140 et
483 4075 759 4139 consuetudinum
782 4075 887 4160 ipsius
909 4072 1077 4158 adjutores
1101 4079 1136 4137 et
1151 4073 1262 4139 defen·
1277 4042 1433 4172 ssJJffJfl'm

209 4199 300 4244 sores
323 4181 480 4242 tenentur
502 4175 652 4252 existere,
676 4197 718 4240 ex
741 4176 793 4240 sui
816 4175 951 4240 vinculo
969 4176 1151 4260 juramenti
1175 4177 1263 4263 quod
1276 4189 1357 4290 {23¹5
1371 4253 1429 4288 son-

209 4285 374 4370 praestant
396 4301 472 4345 cum
504 4279 741 4364 professionem
774 4279 903 4344 faciunt
935 4284 1135 4356 consuetam,
1159 4302 1263 4345 unum
1279 4257 1391 4357 sendus

209 4386 365 4452 clericum
388 4382 553 4459 idoneum,
576 4381 656 4468 ipsis
686 4403 747 4468 per
768 4403 844 4445 eum
879 4381 936 4466 qui
970 4387 1089 4466 praeest
1111 4383 1265 4468 regimini
1278 4373 1409 4490 ξέἰῧθξοῗῐ

209 4488 317 4575 ipsius
340 4485 497 4552 Ecclesiae
519 4485 740 4561 nominatum,
763 4489 932 4560 tenentur,
956 4503 1031 4548 cum
1068 4483 1209 4550 facultas
1233 4507 1267 4550 se
1280 4457 1394 4556 vincior

209 4590 370 4657 obtulerit
392 4592 467 4675 post
488 4588 748 4653 nominationem
782 4587 983 4671 hujusmodi,
1006 4587 1049 4651 ad
1082 4595 1268 4673 competens
1282 4575 1397 4705 ffprnyteqa
1398 4655 1410 4688 s

207 4692 407 4760 beneficium
430 4683 629 4777 promovere.
678 4690 753 4771 Qua
775 4687 1012 4755 consuetudins
1036 4689 1196 4757 laudabili
1220 4699 1270 4757 at·
1282 4707 1368 4757 bound
1380 4715 1406 4755 to

211 4819 277 4884 que
309 4796 377 4881 pia,
401 4814 506 4878 usque
539 4793 582 4857 ad
616 4792 687 4858 haec
720 4798 870 4878 tempora
904 4813 963 4877 per
997 4793 1128 4857 eosdem
1153 4781 1396 4890 suffra-2123?

209 4919 333 4986 ganeas
356 4895 548 4980 appmbata‚
564 4895 654 4958 dicta
677 4893 823 4960 Ecclesia
839 4915 898 4965 nos
915 4893 1021 4964 etalii
1045 4883 1102 4980 qui
1127 4897 1271 4980 ejusdem
1287 4922 1354 4972 upon
1367 4907 1409 4956 the

314 5022 343 5075 U
372 5025 463 5073 alueo.
1121 5015 1141 5064 C
