3309 5859
581 921 872 974 osnrulnmuers.
1166 908 1228 968 155

178 1113 315 1179 civitate
338 1118 372 1178 et
388 1113 521 1179 dioecesi
539 1113 825 1197 Norwyoensibus
841 1111 1037 1177 exercendas
1060 1115 1094 1174 et
1107 1109 1230 1173 facien-

179 1216 238 1279 das
261 1217 395 1302 positos,
419 1222 453 1281 et
476 1238 516 1282 ea
530 1221 728 1293 exercentes,
751 1217 788 1281 in
803 1215 982 1302 praemissis
1003 1212 1231 1286 molestarunt,

180 1319 348 1385 molestari
371 1326 406 1385 et
427 1320 616 1406 perturbari
637 1319 787 1385 fecerunt
802 1325 837 1385 et
861 1321 1090 1406 procurarunt,
1107 1321 1142 1380 et
1163 1336 1232 1379 mo-

180 1421 391 1488 lestationem
422 1423 545 1490 factam
579 1423 713 1489 nomine
746 1445 806 1487 suo
842 1428 950 1487 ratam
984 1420 1178 1485 habuerunt
1200 1423 1234 1481 et

181 1531 356 1611 aeeeptam,
387 1531 422 1591 et
453 1526 574 1591 similia
604 1526 708 1591 faeere
740 1531 774 1591 et
807 1546 981 1611 procurare
1011 1525 1048 1588 in
1080 1522 1233 1587 futurum

183 1629 373 1693 comminati
389 1634 477 1705 sunt,
493 1633 527 1693 et
543 1627 696 1714 puppliee
719 1628 903 1714 protestati,
927 1634 962 1691 ot
983 1614 1233 1699 bumminantur,

182 1736 217 1795 et
239 1736 465 1816 protestantur
486 1730 633 1797 indebite
666 1736 700 1796 et
733 1730 866 1815 injuste.
911 1729 1021 1809 Quare
1042 1729 1129 1814 petit
1159 1748 1232 1812 pro-

183 1838 316 1897 curator
348 1833 531 1919 praedictus,
566 1832 699 1897 nomine
722 1853 787 1918 quo
819 1853 926 1918 supra,
959 1829 1166 1917 pronuntiari
1200 1832 1235 1892 et

168 1933 343 1999 vdeclarari
359 1933 549 2020 hujusmodi
567 1934 846 2019 jurisdictionem,
860 1933 1096 2011 visitationem,
1111 1952 1234 1997 corree-

183 2038 317 2117 tionem,
342 2044 377 2104 et
412 2039 620 2125 punitionem
653 2040 689 2101 in
723 2039 892 2124 praedietis
917 2038 1063 2117 ecelesia,
1084 2036 1234 2112 civitate,

184 2144 219 2205 et
246 2140 380 2206 dioecesi
414 2140 707 2227 Norwyoensibus,
729 2146 765 2205 et
798 2141 947 2227 personis
979 2138 1235 2206 consistentibus

185 2243 222 2307 in
244 2243 378 2321 eisdem,
402 2244 576 2330 adipsum
600 2243 783 2308 Dominum
818 2243 1093 2309 Cantuariensem
1115 2240 1235 2305 Archi·

185 2345 373 2432 episcopum
396 2346 594 2432 pertinuisse
628 2351 662 2411 et
693 2346 869 2431 pertinere,
892 2351 927 2411 et
957 2346 1065 2431 ipsum
1096 2344 1133 2408 in
1162 2364 1237 2429 pos-

185 2448 337 2525 sessione,
361 2448 415 2512 vel
438 2448 542 2533 quasi,
558 2448 641 2513 talia
663 2448 808 2513 faciendi
832 2454 867 2513 et
882 2448 1056 2513 exercendi
1079 2446 1180 2510 fuisse
1203 2450 1238 2509 et

184 2570 263 2628 esse,
286 2554 321 2614 et
343 2570 382 2615 ea
403 2550 530 2615 tuenda
552 2550 632 2629 fore,
649 2550 802 2629 deoerui;
836 2555 871 2616 et
902 2552 1012 2636 ipsum
1035 2549 1181 2613 Priorem
1203 2550 1238 2611 et

186 2651 380 2739 Capitulum
404 2657 438 2717 et
461 2653 525 2718 sibi
548 2653 757 2719 adherentes
780 2676 801 2718 a
823 2654 1055 2719 molestatione
1079 2652 1142 2737 (et)
1166 2672 1238 2737 per-

186 2754 375 2820 turbatione
407 2756 590 2840 oompesei3
632 2760 666 2821 et
689 2755 812 2821 eisdem
837 2778 935 2842 super
964 2756 1030 2819 hiis
1068 2754 1238 2819 silentium

185 2858 312 2945 imponi
350 2858 615 2943 imperpetuum,
655 2863 690 2921 et
726 2858 885 2923 interesse
919 2858 1072 2942 dampnis
1110 2862 1145 2921 et
1183 2878 1240 2919 ex-

184 2961 306 3045 pensis,
329 2981 408 3045 quae
442 2964 477 3024 et
508 2980 591 3046 quas
623 2959 732 3026 dietus
764 2960 929 3025 Dominus
964 2960 1240 3048 Archiepisoopus

184 3083 244 3147 per
265 3062 457 3147 hujusmodi
489 3061 755 3127 molestationem
779 3062 843 3146 (et)
872 3062 1157 3149 perturbationem
1191 3062 1239 3123 in-

185 3162 314 3229 debitus
348 3163 517 3239 sustinuit,
558 3164 802 3249 oondempnari,
841 3170 876 3229 et
913 3163 1055 3227 ulterius
1093 3163 1165 3227 fieri
1203 3163 1239 3225 in

187 3267 374 3351 praemissis,
405 3272 440 3332 et
471 3288 508 3331 ea
540 3266 816 3353 contingentibus,
840 3267 1094 3352 emergentibus,
1117 3272 1152 3330 et
1185 3266 1241 3329 de·

187 3369 410 3456 pendentibus
447 3369 491 3435 ab
522 3370 654 3448 eisdem,
691 3371 780 3455 quod
804 3375 855 3435 est
881 3370 1020 3456 justum.
1075 3370 1121 3433 Et
1166 3391 1242 3455 pro·

186 3476 331 3537 testatur
361 3471 450 3537 idem
495 3472 596 3536 etiam
641 3477 834 3558 procurator
871 3473 912 3536 de
936 3472 1088 3557 dampnis
1120 3478 1153 3536 et
1184 3494 1242 3535 ex-

186 3574 298 3660 pensis
314 3573 491 3654 feoiendis3
513 3572 682 3659 praemissa
697 3574 792 3659 ponit
808 3579 843 3639 et
857 3575 952 3660 petit,
966 3574 1169 3658 conjunctim
1184 3596 1241 3638 seu

187 3676 333 3753 divisim,
357 3675 448 3740 omni
481 3674 578 3740 modo
611 3680 645 3740 et
677 3675 784 3741 forma
816 3676 937 3761 quibus
969 3675 1088 3741 melius
1125 3681 1242 3761 potest,

187 3778 281 3845 salvo
300 3777 377 3863 jure
401 3777 555 3855 addendi,
578 3778 635 3843 tro.

189 3984 482 4051 ltu—Lmnmos
505 3984 673 4050 Olenum
696 3984 950 4051 Norwrenusrs
972 4000 1108 4051 oouras
1129 3987 1241 4051 Dour·
1278 3983 1380 4042 (¹³2⁵)

346 4106 425 4154 uun
462 4088 670 4151 Wlnrnnon
701 4088 1013 4154 Anonmrrsoorou
1053 4087 1378 4154 rxnrnrrusL168b·

347 4210 386 4257 m
433 4191 548 4258 Ouum
594 4191 745 4255 Romus
791 4209 858 4255 ruo
903 4208 1123 4257 vrsrrlrrour
1175 4210 1243 4257 sun

348 4308 495 4359 rreum.

238 4434 358 4501 Coram
380 4433 475 4499 vobis
508 4432 690 4498 venerabili
722 4434 794 4499 viro
826 4434 971 4499 Domino
1003 4434 1180 4501 Geneelino
1203 4436 1243 4501 de
1258 4434 1386 4487 Theisoa

191 4538 380 4616 Cassanhis,
419 4536 590 4621 utriusque
624 4536 711 4621 juris
749 4536 936 4622 professore,
970 4536 1106 4601 Domini
1144 4538 1242 4623 Papae
1256 4504 1367 4634 ‘'thffier
1378 4570 1407 4618 οἳ

185 4640 367 4729 capellano,
391 4646 425 4705 et
446 4638 596 4704 auditore
619 4638 656 4703 in
677 4638 783 4724 primo
805 4639 920 4726 gradu,
943 4640 1096 4725 proponit
1119 4640 1241 4705 Rober-
1255 4634 1375 4717 norwich

188 4753 247 4811 tus
294 4744 333 4808 de
373 4742 563 4831 Bytteryng
600 4746 792 4832 procurator
829 4742 1056 4828 religiosorum
1093 4745 1239 4809 virorum
1253 4704 1416 4837 iffiffi,

189 4847 316 4914 Prioris
353 4850 388 4911 et
428 4844 572 4930 Capituli
615 4844 898 4929 Norwyoensium,
938 4867 977 4911 ao
1016 4846 1240 4933 religiosorum
1253 4838 1338 4957 (ἢ.

190 4952 339 5015 virorum
357 4948 478 5013 Prioris
495 4954 529 5014 et
545 4946 737 5012 Ctnventus
754 4948 886 5014 Sanetae
901 4948 993 5012 Fidis
1009 4949 1049 5013 de
1066 4948 1242 5029 Horsham,
1258 4972 1361 5037 bishop')
