3309 5859
587 893 883 946 osnrusmsnsrs.
1202 881 1264 944 191

211 1075 344 1142 cionum
383 1078 518 1163 (quibus
562 1080 716 1146 omnibus
752 1079 923 1166 proprium
969 1083 1020 1144 est
1052 1079 1157 1145 laetari
1191 1097 1267 1144 cum
1279 1081 1368 1132 Arch-

384 1181 392 1195 .
500 1188 504 1196 .
921 1181 928 1196 .
1192 1181 1199 1196 .
1239 1181 1246 1194 .
1279 1147 1420 1210 bishoplor

212 1178 446 1253 malefecerint,
476 1197 519 1260 et,
550 1203 639 1248 more
670 1183 894 1269 reproborum,
918 1202 955 1247 in
988 1183 1086 1247 rebus
1115 1200 1435 1268 pessrmrstheabmlu,

212 1280 375 1368 exultare)
397 1284 512 1348 statim
544 1283 691 1370 disposui
724 1305 838 1349 omues
861 1283 938 1350 illos
970 1284 1072 1350 michi
1103 1283 1267 1357 subditos,
1280 1280 1373 1358 tiones

212 1384 271 1466 qui
293 1384 483 1471 hujusmodi
505 1387 593 1452 facto
623 1386 815 1452 detestabili
846 1386 1081 1466 interfuenmt,
1105 1386 1147 1451 ab
1179 1407 1257 1451 omn
1281 1355 1383 1479 {iffi

214 1487 369 1573 obsequio
400 1511 482 1566 meo,
504 1493 665 1574 tanquam
698 1488 932 1567 malemeritcs,
966 1489 1150 1566 destitueri,
1183 1509 1268 1552 nun·
1281 1481 1415 1532 whomve

215 1611 314 1676 quam
345 1595 460 1676 postea
496 1613 690 1668 reversuros,
729 1613 902 1678 quousque
941 1591 1110 1658 voluntati
1148 1595 1267 1655 vestrae
1281 1548 1420 1664 ffiqaqlrtgq·
1502 1603 1505 1609 ·

215 1693 364 1759 totaliter
385 1716 420 1760 sc
441 1694 662 1772 submiserint,
677 1700 712 1759 et
733 1695 809 1760 laeso
833 1693 1058 1774 satisfecerint,
1073 1716 1112 1760 cc
1133 1716 1154 1760 e
1176 1693 1270 1758 vobis
1282 1681 1395 1800 {lissssl'l

216 1794 431 1862 absolutionis
453 1797 649 1862 beneficium
672 1797 884 1883 optinuerint
916 1797 957 1863 de
979 1797 1168 1864 commissis.
1226 1797 1271 1859 Et
1352 1784 1357 1796 '

217 1899 291 1964 ideo
321 1920 396 1965 cum
427 1900 470 1965 ad
504 1921 563 1965 vos
594 1900 746 1966 venerint
778 1900 951 1967 occasione
985 1899 1153 1987 praedicta,
1173 1899 1272 1984 juxto

217 2007 337 2066 vcstrae
368 2001 576 2068 discretionis
609 2002 785 2068 arbitrium
820 2002 983 2068 ordinetis
1006 2006 1106 2090 prout
1127 2002 1273 2088 ipsorum

219 2103 392 2168 animabus
426 2104 578 2169 videritis
612 2105 777 2189 expedire.
823 2102 948 2170 Valeat
971 2109 1005 2169 et
1035 2105 1147 2190 vigeat
1171 2103 1275 2168 domi-

221 2228 283 2271 nus
316 2227 408 2270 meus
441 2211 534 2291 pater
558 2209 593 2269 et
614 2212 727 2292 pastor
749 2210 785 2270 in
808 2207 1028 2292 prosperitate
1052 2204 1151 2272 felici.
1197 2204 1274 2272 Det.

222 2307 378 2376 cantuar.
400 2307 518 2392 xxvjto
541 2307 594 2372 die
616 2308 774 2395 Augusti.

228 2528 651 2601 188.-Psocuslron1ou
682 2541 865 2591 ensurius
898 2543 964 2592 eno
999 2543 1278 2595 v1s1rm1orunus
1317 2526 1428 2644 lffiept·

294 2648 336 2695 nr
360 2644 686 2694 rsocusfflonmus
710 2629 990 2696 Ocnnmmonun
1015 2647 1058 2694 nr
1073 2645 1278 2696 cisonrelu
1398 2629 1404 2642 '

293 2749 532 2798 ocnnmnrnu
555 2747 764 2796 mmmmm,
1291 2711 1321 2760 L·
1336 2709 1412 2759 12η·

273 2872 450 2939 Universis
471 2877 588 2958 pateat
619 2894 677 2958 per
698 2878 875 2960 prsesentes
898 2875 986 2960 quod
1018 2895 1085 2953 nos,
1114 2875 1421 2943 Henricusl’owerof

229 2976 444 3063 permissione
470 2975 587 3040 divina
609 2974 704 3039 Prior
719 2975 872 3041 Eoclcsise
889 2974 1013 3041 Christi
1030 2975 1280 3046 Centuariensis
1293 2961 1448 3083 ἳὲξοζζξζῆ,

230 3085 264 3145 et
303 3079 451 3164 ejusdem
492 3077 558 3144 loci
597 3075 799 3163 Capitulum,
829 3079 866 3144 in
909 3079 1062 3146 omnibus
1101 3083 1209 3148 causis
1247 3088 1281 3148 ct
1294 3088 1339 3150 '11¹3
1350 3085 1438 3135 before

230 3187 380 3274 negotiis,
415 3207 476 3251 nos
511 3190 546 3252 et
579 3184 749 3250 eeclesiam
780 3191 926 3252 nostram
950 3186 991 3252 de
1025 3188 1163 3272 Ayssch,
1196 3150 1429 3283 Nor-‡,¹¹,⁰,ys‚'22¹e

232 3289 394 3375 wycensis
410 3286 572 3364 dioecesis,
587 3286 860 3372 quclitercunque
875 3288 1098 3374 tangentibus,
1113 3291 1213 3356 motis
1229 3291 1283 3356 vel
1295 3285 1409 3364 givenpo

234 3390 413 3467 movendis,
457 3410 565 3454 coram
603 3388 854 3474 quibuscunque
893 3389 1071 3474 judicibus,
1110 3391 1284 3458 ordinariis
1295 3351 1432 3469 {mear

234 3493 395 3580 delegatis
440 3497 476 3557 et
520 3491 602 3569 aliis,
641 3512 869 3576 quamcunque
910 3490 1180 3577 jurisdictionem
1226 3515 1284 3559 seu
1297 3485 1416 3564 ‚¹³⁰⁰le

236 3597 445 3662 vocationem
479 3614 653 3659 causarum
684 3592 739 3658 vel
775 3593 983 3680 negotiorum
1014 3593 1216 3674 habentibus
1251 3552 1437 3669 etffiotciieof

234 3697 407 3774 habituris,
430 3695 679 3782 quibuscunque
711 3694 827 3760 diebus
861 3700 896 3760 et
927 3695 1006 3760 locis
1039 3699 1194 3782 quotiens
1226 3720 1284 3764 nos
1298 3684 1452 3762 sonions

234 3803 346 3866 abesse
369 3799 555 3884 contigerit,
578 3797 738 3862 dilectum
759 3797 856 3863 nobis
878 3797 913 3861 in
938 3796 1073 3864 Christo
1097 3799 1282 3866 Dominum
1297 3752 1454 3883 iiim

237 3903 398 3967 nomam
436 3899 476 3964 ue
521 3899 679 3985 esseben,
717 3899 878 3964 vicarium
922 3899 1019 3966 sctae
1063 3900 1206 3968 ecclesie
1244 3904 1284 3968 ee
1298 3954 1319 4005 c
1332 3885 1451 4002 3⁰33,

239 4004 367 4091 Ayssch
389 4006 540 4069 nostrum
562 4022 677 4066 verum
700 4006 735 4066 et
756 4002 943 4088 legitimum
966 4008 1210 4088 procuratorem
1233 4029 1284 4072 or·
1297 3969 1383 4070 curiit

240 4105 400 4183 dinamus,
423 4104 572 4184 facimus,
596 4109 631 4168 et
653 4103 885 4169 constituimus
907 4125 966 4190 per
988 4113 1183 4191 praesentes3
1205 4110 1286 4176 dan.
1300 4087 1412 4138 onusch.

240 4212 291 4275 tcs
313 4207 419 4272 eidem
453 4209 653 4291 potestatem
687 4209 722 4269 et
752 4205 947 4270 mandatum
982 4207 1131 4292 speciale,
1154 4213 1288 4278 nomine
1340 4263 1343 4274 .

241 4317 353 4378 nostro
376 4316 411 4374 et
432 4308 575 4374 coclesiae
597 4314 720 4373 nostroe
743 4308 785 4373 de
807 4307 937 4393 Ayssch
960 4310 1135 4395 praedictae,
1160 4317 1289 4400 egendi,

244 4411 450 4488 defendendi,
473 4409 686 4496 protestandi,
719 4410 934 4496 proponendi,
968 4412 1163 4499 excipiendi,
1198 4440 1288 4485 recu·

245 4514 350 4589 sandi,
372 4512 563 4600 replicandi,
584 4511 678 4577 litem
700 4511 919 4588 contestandi,
942 4511 978 4575 in
1000 4513 1128 4581 animas
1151 4525 1289 4600 nostras,

251 4626 321 4684 tam
345 4616 386 4680 dc
408 4615 600 4702 calumpnia
631 4636 730 4702 quam
753 4613 795 4690 de
816 4615 959 4680 veritate
981 4614 1128 4698 dicenda,
1163 4643 1291 4690 necnon

245 4721 349 4787 etiam
372 4707 545 4806 quodlibet
567 4717 660 4783 alind
681 4739 786 4805 genus
807 4716 893 4783 liciti
922 4717 1109 4803 juramenti
1139 4727 1291 4809 quotiens

246 4845 329 4910 opus
360 4822 461 4888 fuerit
492 4820 682 4909 praestmdi,
715 4821 869 4909 ponendi,
902 4821 1122 4906 positionibus
1159 4849 1291 4916 respon-
