3309 5859
530 997 822 1051 campanenses.
1048 986 1050 989 ’
1140 988 1206 1057 373

117 1180 176 1244 ad
224 1182 356 1249 Christi
395 1187 544 1252 fidelium
583 1190 739 1254 notitiam
776 1191 932 1256 ardenter
970 1192 1129 1279 cupimus,
1168 1200 1208 1257 ut
1220 1186 1312 1301 ffgllfl
1325 1187 1355 1235 of

121 1282 315 1362 debemus,
348 1288 410 1350 sub
449 1290 640 1356 testimonio
679 1293 850 1377 pervenire
889 1292 1068 1371 laudabili3
1103 1296 1207 1371 vobin,
1219 1256 1377 1381 gopprpoqau

124 1392 264 1451 tenore
296 1392 521 1474 praesentium,
554 1393 639 1458 scire
672 1396 811 1460 iacimus
834 1396 873 1460 A.
907 1396 947 1460 de
971 1396 1007 1460 B.
1039 1396 1206 1461 hominem
1221 1386 1356 1435 ursation.

122 1508 210 1552 esse
258 1491 390 1557 fidelem
424 1500 459 1559 et
491 1495 586 1560 bonae
620 1496 889 1574 conversationis,
939 1498 1027 1583 quod
1070 1500 1202 1585 experti

128 1611 263 1655 sumus
301 1615 361 1678 per
398 1618 495 1660 suum
533 1595 719 1663 servitium
742 1599 912 1663 diutinum
944 1598 1039 1664 nobis
1062 1600 1207 1665 fideliter

130 1692 345 1763 exhibitum.
390 1699 444 1776 Et,
466 1722 509 1763 ne
538 1700 837 1787 calumpniantium
859 1701 989 1765 invidia
1021 1710 1082 1766 ant
1104 1702 1206 1767 hora¹

132 1795 381 1864 insidiantium
428 1802 593 1868 maliciose
632 1804 767 1889 captati,
802 1804 873 1890 ejus
911 1826 1017 1870 mores
1051 1804 1206 1890 qualiter·

136 1920 281 1985 cunque
315 1903 414 1969 alicui
445 1905 482 1968 in
512 1905 651 1971 dubium
685 1906 814 1993 possint
838 1908 993 1985 revocari,
1024 1909 1130 1973 eidem
1148 1942 1151 1951 v
1166 1910 1205 1975 A.

139 2001 186 2065 de
228 2002 277 2080 B,
315 2026 419 2091 usque
457 2006 545 2072 diem
569 2008 657 2074 datae
694 2009 919 2094 praesentium,
942 2030 1039 2097 super
1073 2034 1206 2076 suorum

140 2125 281 2169 morum
320 2106 479 2172 laudabili
514 2111 771 2188 conversatione,
805 2116 845 2176 ut
882 2112 1036 2177 omnibus
1074 2113 1207 2197 plenius
1297 2133 1304 2147 ¹

143 2208 345 2288 innotescat,
384 2211 446 2277 has
482 2212 612 2280 litteras
643 2221 775 2281 nostras
812 2214 1053 2281 testimoniales
1098 2216 1207 2303 sigillo

145 2317 266 2379 nostro
289 2313 428 2381 fecimus
451 2318 646 2405 consignari.
692 2318 780 2398 Dat,
803 2325 864 2386 etc.

151 2515 427 2583 tta-Lmen
460 2534 730 2585 sorrmcrroan
752 2534 933 2586 marauna
956 2536 1023 2587 eac
1047 2532 1208 2586 naeoms
1253 2528 1338 2593 (June
1433 2544 1434 2549 =

497 2640 597 2689 turer
620 2624 862 2691 arrrmmmrs.
1256 2599 1343 2659 Μ’)

199 2761 389 2829 Venerabili
412 2764 448 2828 in
472 2764 606 2832 Christo
636 2766 725 2853 patri
747 2771 782 2831 et
805 2765 940 2831 domino
963 2786 1033 2841 suu,
1063 2761 1208 2831 Domino
1221 2732 1250 2782 Β·
1263 2730 1345 2785 ¹⁷⁸⁰·

155 2864 263 2929 Priori
285 2866 439 2933 Ecclesiae
472 2868 599 2935 Christi
625 2868 886 2946 Oantuaricnsis,
917 2890 1006 2945 suus,
1030 2868 1058 2933 si
1090 2867 1209 2953 placet,
1222 2856 1353 2974 ΉᾹΡἪ

156 2968 291 3035 clericus
314 2969 350 3034 Τ.
375 2970 416 3036 de
450 2972 488 3039 Β.
509 2974 627 3040 votiva
658 2994 790 3059 semper
824 2972 983 3058 obsequia
1006 2994 1081 3038 cum
1116 2992 1209 3035 reve·
1223 2938 1369 3055 tilinipoi

158 3072 273 3150 tentia,
288 3078 358 3139 tam
374 3074 488 3140 debita
503 3098 603 3162 quam
618 3076 748 3143 devota.
794 3075 898 3153 Licet,
913 3080 1010 3161 pater
1024 3073 1209 3153 karissime,
1223 3059 1364 3175 {iffiffl

159 3175 258 3239 nullis
290 3177 419 3241 meritis
450 3178 610 3244 fulciatur
643 3180 775 3245 animus
806 3198 911 3256 meus,
933 3198 1009 3243 caro
1033 3182 1146 3243 tamen
1176 3181 1211 3240 et
1225 3190 1298 3242 Prior
1310 3190 1340 3241 of

161 3279 295 3365 sanguis
333 3280 393 3366 qui
430 3302 498 3347 non
537 3280 731 3348 beatificant
775 3280 879 3346 michi
918 3280 1119 3357 revelarunt,
1167 3280 1211 3345 ad
1226 3256 1365 3377 gffiw

162 3382 439 3470 interpellandum
461 3407 561 3471 penes
583 3392 730 3451 vestram
761 3382 971 3451 clementiam
994 3404 1054 3469 pro
1076 3381 1210 3461 amicis;
1225 3390 1358 3443 confirma

165 3487 303 3552 maxime
341 3510 415 3552 cum
453 3489 668 3554 exauditione
699 3488 833 3574 dignior
871 3492 922 3553 est
960 3485 1212 3573 supplicationis
1225 3458 1351 3576 {fflded

166 3591 306 3669 materia,
338 3612 438 3676 quam
477 3613 616 3677 persona
661 3592 784 3678 exigua
829 3589 1057 3678 supplicantis.
1128 3590 1212 3655 Cum
1226 3598 1334 3643 statutos
1343 3591 1383 3639 ¹01·

167 3693 265 3780 igitur
286 3692 389 3759 michi
419 3694 629 3780 praedilectus
661 3694 697 3758 in
721 3692 857 3759 Christo
892 3692 1010 3759 Frater
1043 3658 1377 3790 Rogerius,},¹}{³,ff‚‘}⁵{3,‚

168 3796 322 3884 Magister
353 3795 539 3882 Hospitalis
574 3796 688 3861 Beatae
721 3795 837 3861 Mariae
869 3794 910 3859 dc
943 3794 1072 3872 sirone,
1094 3794 1213 3859 harum
1226 3792 1339 3855 Maryat

169 3898 301 3984 bajulus,
317 3898 483 3984 quandam
508 3898 752 3963 ordinationem
775 3896 914 3961 Domini
937 3895 1011 3973 mei,
1027 3896 1090 3960 Dei
1105 3894 1214 3982 gratia
1227 3859 1328 3910 ³³⁰⁰&

170 4022 252 4067 nunc
273 4000 437 4067 Roffensis
453 4000 617 4088 Episcopi,
632 4022 731 4088 super
746 4004 838 4066 statu
854 3998 1038 4086 Hospitalis
1052 3999 1215 4087 praedicti,

144 4106 301 4185 ‚avobis
331 4112 366 4172 et
395 4101 554 4193 Capitale
577 4102 732 4171 Ecclesiae
765 4111 887 4169 vcstrae
921 4106 1035 4189 petere
1068 4100 1216 4167 intendit

173 4206 419 4276 misericorditer
441 4207 651 4288 confirmari3
677 4211 798 4272 vestrae
814 4204 1050 4271 dominationis
1073 4204 1216 4291 gratiam

175 4313 283 4379 devote
320 4312 461 4399 requiro,
498 4312 658 4398 quatinus
687 4308 886 4397 petitionem
925 4306 1083 4393 ejusdem,
1115 4328 1215 4393 quam

176 4422 281 4503 reputo
296 4414 368 4481 Deo
383 4414 548 4503 placidam
564 4420 599 4481 et
614 4412 742 4479 cunctis
765 4410 821 4497 pie
837 4406 1024 4475 zelantibus
1040 4417 1217 4497 acceptam,

176 4542 246 4585 meae
268 4519 445 4607 parvitatis
468 4519 604 4595 intuitu,
618 4514 740 4581 habere
762 4510 948 4600 dignemini
971 4510 1070 4601 paulo
1094 4514 1217 4600 gratio-

178 4624 235 4688 sius
269 4620 578 4689 recommendetam.
634 4617 738 4705 Spero
770 4616 868 4695 enim,
902 4618 997 4701 pater
1030 4614 1219 4698 reverende,

180 4727 254 4815 quod
270 4728 313 4793 ad
328 4726 524 4792 instantiam
538 4724 703 4812 majorum
718 4722 872 4787 effectum
888 4720 1010 4785 sentiet
1025 4720 1220 4807 gratiosum,

180 4832 227 4897 sed
245 4829 445 4918 optarem,si
467 4827 580 4907 libeat,
602 4826 760 4914 quatinus
782 4824 864 4890 meis
887 4823 1038 4910 precibus
1061 4824 1221 4909 gauderet

631 4981 639 5013 ¹
657 4985 745 5029 aura?
