3309 5859
432 891 475 955 1‘8
885 907 1026 956 ansam

256 1087 386 1205 galleffi
431 1093 524 1156 etin
546 1093 639 1158 nulla
670 1101 762 1180 perte
785 1094 931 1186 viciatus,
954 1099 1101 1160 tenorem
1136 1097 1194 1181 qui
1225 1097 1376 1182 sequitur
1407 1115 1489 1160 con-

258 1227 355 1284 fflem,
431 1195 593 1262 tinentcs:
632 1207 648 1231 ‘⁶
668 1197 833 1274 ll'ulterue,
864 1199 916 1262 dc.
972 1199 1058 1276 Det,
1096 1197 1166 1264 ed
1227 1199 1297 1264 Nos
1332 1219 1410 1264 vero
1443 1197 1490 1262 ad

429 1298 628 1363 instanciam
665 1300 816 1386 praedicti
854 1300 1022 1379 willelmi,
1061 1307 1195 1388 propter
1229 1302 1339 1367 varios
1373 1321 1489 1366 rerum
1527 1373 1530 1378 ¹

430 1405 586 1479 eventus·
602 1402 776 1487 praedictas
807 1402 938 1468 litteras
969 1403 1032 1469 sub
1067 1403 1177 1490 sigillo
1200 1417 1312 1470 nostro
1347 1403 1488 1470 fecimus

430 1504 674 1589 exemplificari,
705 1505 859 1572 omnibus
897 1527 1037 1594 quorum
1076 1507 1217 1574 interest
1253 1507 1485 1574 notificandas

431 1606 473 1670 In
496 1627 634 1692 quorum
657 1607 806 1674 omnium
828 1609 1068 1692 testimonium,
1091 1611 1148 1678 dac.
1194 1611 1272 1678 Dat.
1296 1609 1393 1677 Cant.
1415 1609 1474 1676 tac

258 1921 288 1972 a.
304 1923 386 1970 rare.
627 1899 779 1968 22.-Da
802 1916 1035 1966 arcamarcaa
1058 1915 1289 1968 nonnosum

260 2084 391 2135 pomp,
478 2052 547 2118 Suo
569 2054 656 2140 patri
680 2053 821 2120 devotus
844 2055 934 2119 filius
956 2053 990 2120 id
1015 2055 1104 2140 quod
1138 2060 1251 2141 potest
1273 2053 1482 2132 obedientiae,

261 2176 315 2226 'rte
325 2176 399 2226 Prior
432 2157 635 2234 reverentias,
658 2161 693 2221 et
715 2155 857 2222 honoris.
915 2156 1003 2238 Quia
1025 2179 1084 2222 sex
1106 2157 1311 2223 novitiorum
1333 2157 1390 2242 qui
1410 2157 1482 2241 jam

259 2243 376 2358 mm
433 2280 638 2346 perannum
671 2259 707 2323 in
740 2259 884 2324 Ecclesia
914 2264 1026 2324 vestra
1060 2258 1293 2326 Cantuariensi
1315 2265 1485 2346 gestantes

259 2376 374 2439 tishop’a
433 2362 585 2427 habitum
600 2361 825 2426 monachalem
848 2361 1061 2427 laudabiliter
1083 2363 1119 2426 in
1135 2361 1293 2448 religione
1309 2365 1486 2439 steterunt,

256 2441 410 2559 ffiffie
434 2465 527 2528 etin
560 2464 645 2528 festo
682 2462 745 2529 Sci.
774 2463 873 2528 Lucae
908 2463 1131 2548 Evangelistae
1163 2465 1315 2550 proximo
1341 2473 1485 2530 venturo

258 2575 415 2652 professione
432 2588 559 2631 annum
582 2565 787 2652 probationis
819 2563 1040 2651 complebunt,
1065 2565 1249 2632 disiderant
1271 2566 1485 2652 solempniter

258 2641 401 2759 gfflffl
432 2668 602 2756 profiteri3
623 2667 859 2755 paternitatem
884 2672 1028 2734 vestram
1052 2669 1247 2755 suppliciter
1270 2669 1425 2754 deprecor
1447 2674 1485 2734 et

259 2778 353 2850 passed
430 2772 560 2845 devote,
581 2771 739 2858 quatinus
770 2768 800 2834 si
835 2770 980 2856 ipsordm
1011 2770 1216 2836 novitiorum
1249 2769 1484 2856 professionem

259 2841 397 2970 {iiim
430 2873 646 2961 personaliter
678 2872 855 2937 admittere
890 2871 1110 2950 decreveritis,
1135 2873 1247 2938 velitis
1279 2874 1485 2940 innotescere

255 2973 317 3026 ²50⁰·
429 2976 512 3040 mihi
535 2981 653 3040 vestro.
700 2974 737 3038 Si
760 2979 882 3050 etitem,
904 2973 979 3038 aliis
1002 2973 1179 3060 praepediti
1203 2975 1356 3061 negotiis,
1379 2977 1423 3040 ad
1447 2975 1485 3040 id

428 3078 614 3144 faciendum
636 3098 705 3141 non
727 3076 883 3161 poteritis
906 3077 1075 3141 commode
1099 3083 1182 3142 tunc
1205 3099 1330 3156 vacere,
1353 3077 1485 3163 placeat

427 3180 521 3245 vobis
543 3200 604 3265 pro
626 3176 817 3262 hujusmodi
848 3175 1031 3242 ministerio
1063 3178 1255 3263 exequendo
1289 3177 1372 3242 mihi
1395 3199 1484 3245 com-

426 3281 559 3345 mittere
592 3279 681 3344 vices
716 3282 854 3354 vestras,
886 3282 987 3363 prout
1020 3278 1056 3342 in
1093 3300 1170 3344 casu
1209 3279 1371 3346 consimili
1410 3281 1485 3345 fieri

427 3381 607 3448 consuevit.
668 3379 786 3444 Valeat
819 3384 854 3444 et
888 3379 1004 3466 vigeat
1037 3389 1151 3447 vestra
1183 3381 1275 3447 salua
1312 3381 1349 3446 in
1388 3393 1484 3468 pros·

428 3485 569 3571 peritate
592 3482 688 3548 felici.
733 3483 811 3548 Dat.
839 3480 945 3560 Ceut,
967 3483 1023 3548 &a

256 3777 281 3828 s.
295 3780 335 3828 oa.
488 3755 850 3843 tte-[Paestanum
873 3770 921 3820 an
945 3753 1143 3821 Eccaasrsu
1165 3773 1427 3826 narsronsamr

842 3860 1053 3943 aroannam]

254 4042 382 4093 aemula.
472 4009 758 4078 Reverendisaimo
780 4009 817 4074 in
841 4007 974 4076 Christo
998 4009 1086 4096 patri
1110 4031 1149 4078 ac
1180 4011 1314 4078 domino
1339 4013 1485 4083 Domino

252 4143 404 4210 Thectap
427 4115 458 4180 J.
482 4115 545 4179 Dei
579 4114 688 4199 gratie
720 4111 953 4177 Cantuariensi
986 4111 1248 4200 Archiepiscopo,
1283 4122 1344 4182 etc.
1377 4122 1482 4185 vestri

254 4219 409 4328 {ezlgrffff‘fl
425 4217 567 4283 humiles
589 4222 624 4280 et
646 4214 758 4279 devoti
781 4214 811 4279 J.
837 4213 928 4279 Prior
951 4213 1104 4280 Ecclesiae
1121 4215 1245 4281 Christi
1262 4218 1483 4288 Cantuarien-

252 4344 296 4393 sae
307 4345 393 4394 areh-
425 4323 470 4386 eis
502 4325 537 4386 ct
570 4317 716 4404 ejusdem
748 4315 811 4381 loci
836 4315 1037 4402 Capitulum,
1061 4316 1293 4397 obedientiam,
1315 4326 1378 4386 etc.
1425 4325 1481 4390 Ad

252 4408 398 4524 33⁰⁹?OE
425 4422 594 4489 eeclesiam
637 4417 857 4505 parochialem
892 4417 1006 4484 Sancti
1045 4417 1208 4484 Johennis
1246 4419 1480 4509 Evangelistee,

305 4485 396 4526 rtntron

250 4544 393 4593 toatene-
424 4524 581 4591 Civitatis
603 4518 850 4596 londoniensis,
874 4525 1047 4585 vacantem
1081 4524 1116 4584 et
1149 4521 1193 4586 ad
1224 4529 1371 4589 nostram
1395 4549 1480 4613 prae-

251 4609 396 4740 ffghffi
423 4626 642 4691 sectationem
679 4627 892 4709 spectantem,
931 4619 1090 4687 dilectum
1123 4622 1223 4688 ¹nobis
1268 4625 1304 4688 in
1343 4625 1480 4695 Christo

251 4741 357 4857 vittap
423 4725 603 4792 Dominum
646 4726 678 4790 J.
711 4723 759 4801 F,
790 4721 1008 4808 capellanum,
1042 4729 1162 4789 vestrae
1197 4728 1481 4798 reverendissimae

250 4823 336 4858 annua

249 4874 356 4940 peneion
422 4827 619 4916 paternitati
653 4831 912 4913 praesentamus3
944 4825 1116 4892 humiliter
1138 4827 1362 4914 supplicantes
1391 4835 1483 4922 pari·
