3309 5859
570 818 866 869 esurusnrrusss.
1181 803 1243 866 131

191 997 268 1079 post
294 1000 424 1081 partum
449 996 543 1083 virgo
573 999 762 1083 permansit,
786 996 975 1063 cumomni
1000 995 1188 1061 reverencia
1210 994 1411 1059 etth⁰l³i⁸hos

193 1096 321 1163 bonore.
364 1100 470 1186 Super
500 1100 565 1165 hiis
589 1122 662 1185 quae
684 1121 790 1185 nuper
812 1100 863 1163 ix⁰
885 1100 939 1163 die
961 1098 1160 1163 Novembris
1185 1120 1244 1185 per
1255 1063 1397 1178 ffiffm'

190 1206 317 1267 vestras
340 1203 468 1268 litteras
483 1202 566 1266 mihi
586 1204 774 1280 mandastis,
791 1202 944 1287 quodque
960 1201 1053 1266 vobis
1069 1200 1243 1265 senescallo
1255 1197 1398 1272 conamen

190 1306 225 1367 et
255 1304 386 1369 ballivis
420 1306 541 1370 nostris
564 1304 605 1369 de
628 1303 793 1391 Horslegh
816 1304 1023 1368 voluntatem
1055 1324 1161 1366 meam
1191 1262 1412 1377 τθ-ᾎῖζέθδω

191 1406 366 1471 scriberem
400 1408 436 1471 in
474 1407 536 1473 hac
569 1413 663 1492 parte
686 1428 745 1492 per
781 1406 987 1493 presencium
1025 1405 1241 1490 portitorem3

192 1514 304 1573 vestra
328 1511 511 1595 pamrnitas
533 1510 613 1575 satis
635 1510 731 1575 novit
754 1510 841 1594 quod
865 1509 906 1573 de
928 1507 1031 1585 feodo,
1047 1513 1105 1572 etc
1123 1510 1177 1591 (ut
1199 1508 1245 1572 sit

191 1610 227 1673 in
265 1611 378 1678 littera
408 1613 533 1677 domini
565 1612 842 1698 Archiepiscopus
874 1630 978 1696 usque
1015 1608 1089 1676 sinc
1122 1612 1244 1695 moro).

191 1708 274 1777 June
319 1716 354 1778 et
390 1713 512 1780 honore
549 1719 670 1779 nostrae
716 1713 968 1779 Cantuariensis
1011 1712 1165 1777 Ecclesiae
1209 1714 1270 1785 in,

192 1814 346 1879 omnibus
379 1836 507 1902 semper
541 1815 651 1881 salvis.
697 1815 817 1880 Valeat
851 1819 885 1879 et
907 1814 1021 1899 vigeat
1043 1818 1159 1878 vestra
1196 1835 1245 1878 re-

191 1915 337 1982 verenda
359 1917 542 2002 paternitas
557 1918 594 1981 in
609 1918 828 2003 prosperitate
844 1916 939 1981 felici.
985 1914 1061 1981 Dat.
1084 1920 1245 2001 utsupra

317 2160 588 2227 lta-Ermum
610 2150 676 2225 rso
701 2175 870 2225 rnsrrsus
893 2176 1118 2225 enarramus.
1288 2144 1391 2204 (¹³²4)

236 2324 425 2392 venerabis
448 2328 484 2393 in
508 2327 643 2393 curato
665 2327 763 2413 patri,
787 2326 932 2392 Domino
955 2325 1154 2411 saymonr)
1180 2323 1244 2401 ner
1257 2267 1417 2446 {3⁸¹¹le

189 2428 299 2512 gratia
337 2430 499 2517 Episcopo
531 2429 689 2509 Roffensi‚
714 2451 794 2495 suus
829 2429 994 2494 Henricus
1026 2428 1243 2514 permissione
1257 2449 1406 2499 orsoenos-

190 2531 338 2615 ejusdem
375 2532 470 2599 Prior
505 2533 661 2599 Ecclesiae
701 2530 826 2597 Christi
866 2530 1123 2610 Oantuariensis,
1165 2554 1241 2597 cum
1254 2515 1417 2646 {eyftlfleffl

190 2635 283 2698 omni
304 2636 491 2700 reverentia
515 2641 548 2702 et
570 2635 703 2713 bonore,
737 2635 887 2702 salute1n.
934 2633 1022 2714 Quia
1044 2635 1244 2700 venerabilis
1258 2650 1329 2698 Pn'or
1340 2656 1367 2698 to

191 2740 286 2821 Paler
316 2736 513 2824 walterus)
559 2736 623 2803 Dei
653 2738 765 2824 gratia
798 2714 1416 2824 cantuariensisArchiepi.0⁰¹1f⁰rh⁰ll

1259 2783 1347 2831 orders
1361 2798 1395 2831 on

193 2859 320 2924 scopus,
342 2842 465 2905 nostris
487 2862 594 2927 nuper
617 2840 770 2927 precibus
792 2840 981 2918 inclinatus,
1005 2839 1101 2905 nobis
1116 2861 1247 2905 conces·
1260 2849 1410 2898 twomonks

190 2938 245 3016 sit,
269 2945 308 3005 ut
330 2963 351 3006 a
374 2963 580 3027 quocumque
609 2941 771 3028 Episcopo
794 2942 973 3028 provinciae
996 2913 1406 3045 Cantuariensis1‘},⁸„(}'*:¹‘‡³{e

191 3041 313 3108 iratres
336 3048 370 3109 et
394 3044 624 3110 commonachi
641 3044 747 3109 nostri
769 3044 813 3108 ad
839 3066 952 3109 omnes
975 3066 1082 3109 sacros
1105 3043 1245 3123 ordines,
1260 3047 1341 3124 arch-

193 3166 274 3230 quos
297 3167 364 3212 non
396 3156 475 3212 sunt
505 3146 666 3213 hactenus
698 3148 850 3226 assecuti,
873 3146 1010 3213 valeant
1041 3114 1420 3249 promoveri;2,¹,⁸,f,{}',ti„3‚

193 3248 331 3314 dilectos
364 3250 460 3315 nobis
491 3250 527 3314 in
551 3249 686 3317 Christo
708 3248 830 3315 fratres
863 3248 1043 3315 Ricardum
1077 3251 1119 3315 de
1135 3250 1246 3317 Oxen-

193 3350 301 3415 denne
325 3355 359 3416 et
381 3350 518 3418 Petrum
541 3352 581 3416 de
599 3351 693 3429 Salis,
716 3350 944 3430 subdiaconos,
966 3352 1010 3418 ad
1033 3374 1093 3418 vos
1108 3352 1249 3419 fiducia-

193 3453 272 3517 liter
305 3453 531 3535 destinamus;
556 3454 754 3541 paternitati
786 3461 915 3533 vestrae,
951 3460 1023 3520 tota
1055 3477 1121 3541 qua
1153 3457 1249 3523 decet

193 3558 381 3622 reverentia
415 3557 647 3644 supplicantes,
682 3557 840 3643 quatinus
874 3558 1003 3643 placeat
1024 3557 1119 3623 vobis
1143 3559 1249 3625 dictos

195 3660 329 3739 fratres,
345 3660 382 3723 in
405 3660 610 3726 instantibus
632 3658 804 3724 ordinibus
826 3660 1039 3738 celebrandis,
1061 3682 1120 3747 per
1142 3683 1248 3728 sacra-

196 3784 271 3826 rum
305 3784 466 3827 manuum
490 3768 676 3828 vestrarum
708 3762 963 3848 impositionem,
985 3763 1141 3829 diaconos
1163 3765 1251 3829 ordi·

195 3864 276 3930 nari
339 3864 459 3931 ¹Valeat
497 3870 532 3930 et
568 3885 721 3951 prospere
758 3864 872 3951 vigeat
910 3870 1021 3930 vestra
1058 3868 1250 3951 paternitas.

197 3968 274 4033 Dat.
299 3968 354 4034 &c

678 4210 1238 4219 Q*—

241 4560 324 4629 This
339 4563 369 4629 is
383 4563 441 4629 the
469 4564 612 4650 petition
628 4564 663 4629 of
686 4564 745 4629 the
768 4564 863 4630 Prior
885 4565 953 4630 and
968 4566 1026 4631 the
1049 4566 1201 4636 Convent
1217 4574 1255 4637 of

196 4667 256 4733 the
285 4665 419 4733 Ohurch
445 4668 484 4733 of
506 4667 725 4754 Canterbury.
782 4668 853 4734 Our
877 4669 956 4733 dear
979 4670 1079 4748 Lord,
1106 4672 1252 4739 whereas

199 4770 329 4835 Walter
345 4766 507 4855 Colpeper
522 4768 599 4835 held
615 4769 651 4835 of
677 4790 723 4848 us,
740 4769 805 4835 and
822 4771 860 4836 of
883 4792 942 4836 our
958 4770 1090 4838 Ohurch
1106 4776 1145 4838 of
1166 4775 1252 4842 Gan*

1061 4891 1074 4938 1
1098 4878 1117 4939 2
