3309 5859
470 865 540 931 238
917 879 1053 933 mm

244 1178 247 1184 .
318 1121 420 1184 ssept.
465 1124 640 1192 230.-Dn
672 1142 890 1193 snvnssroun
912 1127 1050 1194 Tnoun
1083 1125 1431 1204 presumendum
1453 1141 1524 1190 rao-

294 1191 423 1330 11(ξέζῖ
553 1245 752 1294 conmotus
797 1246 896 1296 russo
942 1248 991 1296 sn
1038 1229 1182 1298 Ounrsu
1227 1229 1424 1296 Romen
1467 1245 1523 1292 mo

291 1369 346 1420 Th,
358 1369 431 1420 pp„
552 1347 663 1396 ceusu
687 1329 969 1412 Neuruwronusu
994 1351 1036 1398 nr
1059 1349 1160 1398 suus.

291 1437 452 1488 sendstothe

289 1503 387 1634 ffip
398 1569 441 1620 the
511 1505 579 1573 Suo
618 1509 706 1594 patri
745 1511 896 1577 salutem.
957 1511 1063 1597 Super
1103 1509 1168 1575 hiis
1205 1531 1280 1595 quae
1321 1509 1433 1575 miehi
1469 1507 1521 1572 soli

290 1636 417 1698 povercr
461 1608 581 1674 ultimo
613 1613 795 1699 scripsistis
826 1613 889 1680 feci
922 1613 1011 1700 quod
1048 1613 1153 1700 potui.
1175 1613 1273 1678 novit
1296 1611 1408 1688 Deua,
1432 1615 1520 1696 prout

288 1709 425 1820 :mtto
460 1713 598 1778 inferius
630 1721 725 1801 patet
756 1737 918 1802 expresse.
978 1715 1014 1781 Si
1038 1715 1156 1783 Frater
1179 1713 1326 1782 Thomas
1353 1716 1398 1780 de
1422 1713 1518 1779 Sand-

288 1834 442 1900 himuyths
461 1819 544 1885 wico
565 1821 714 1887 venisset
736 1823 827 1909 apud
851 1823 1070 1889 Cantusrism
1095 1825 1337 1909 temporeque
1364 1821 1519 1908 Magister

288 1901 440 2032 flfflffl
460 1921 500 1986 R.
523 1923 564 1988 de
589 1923 736 2002 Weston,
764 1925 904 1991 clericus
937 1930 1056 2002 vester,
1079 1925 1146 1990 ista
1179 1926 1252 1989 vice
1281 1946 1417 1990 morsm
1447 1923 1517 1988 fecit

287 2035 422 2086 uoueret·
460 2024 593 2102 ibidem,
616 2033 767 2112 receptus
789 2027 918 2108 firisset,
942 2034 977 2093 et
999 2027 1163 2092 admissus
1186 2026 1228 2091 sd
1251 2027 1515 2092 communionem

288 2104 415 2219 {²53⁸ssst
460 2127 609 2206 fratrum,
639 2129 743 2214 juxta
765 2137 886 2196 vestrae
919 2130 1119 2196 desiderium
1143 2129 1341 2195 voluntatis.
1391 2127 1513 2202 Adhuc,

289 2233 415 2312 ‹¹in
459 2235 564 2316 peter,
578 2233 840 2319 procuratorium
864 2234 905 2298 de
921 2256 986 2319 quo
1009 2231 1110 2298 michi
1133 2231 1311 2319 scripsistis
1334 2231 1512 2319 sigillstum

290 2305 437 2432 {puppem
459 2337 511 2396 est
533 2334 644 2420 sign‘llo
666 2335 844 2412 communi,
866 2333 971 2401 nichil
1001 2334 1116 2400 addito
1146 2333 1201 2400 vel
1230 2335 1409 2401 subtracto
1432 2332 1512 2419 qnod

290 2434 416 2550 Euincul·
458 2435 622 2521 syllabam
645 2444 756 2503 mutet
778 2439 832 2504 vel
855 2439 996 2516 minuat,
1019 2442 1054 2502 et
1077 2437 1254 2503 liberatum
1279 2443 1332 2504 est
1356 2437 1508 2524 praedicto

287 2517 424 2634 stiffi.
460 2536 621 2624 Msgistro
644 2539 682 2604 R.
707 2539 864 2605 Formam
898 2562 976 2606 vero
1007 2540 1170 2606 cautionis
1193 2541 1235 2606 de
1268 2540 1510 2626 indempnitate

289 2649 402 2752 :mh
460 2639 652 2706 Conventus
675 2664 775 2728 quam
809 2642 905 2708 vobis
937 2641 1036 2708 mitto
1067 2640 1286 2728 praesentibus
1317 2641 1507 2716 involutam,

288 2718 385 2818 Doverg.
457 2763 518 2828 pro
550 2743 637 2809 bono
668 2745 761 2830 pacis
793 2751 828 2810 et
851 2744 982 2830 quietis,
1016 2741 1149 2810 mittere
1181 2743 1294 2809 velitis
1318 2741 1505 2810 Conventui

457 2843 568 2930 sigillo
590 2852 702 2912 vestro
726 2848 911 2933 signatsm3
945 2867 1011 2932 qua
1033 2851 1175 2934 recepta,
1197 2846 1298 2911 sliam
1322 2847 1504 2926 cautionem

457 2948 558 3014 michi
596 2949 730 3015 missam
764 2950 858 3014 vobis
892 2949 1069 3015 remittam
1115 2949 1186 3016 Nee
1218 2971 1286 3014 una
1320 2950 1436 3015 differt
1467 2947 1504 3012 ab

456 3050 523 3116 alia
546 3051 581 3115 in
615 3051 743 3116 effectu.
790 3051 943 3131 Qualiter
975 3057 1089 3117 autem
1111 3051 1343 3118 Henonienses
1380 3053 1417 3117 in
1446 3071 1499 3116 suo

456 3154 604 3218 transitu
635 3154 725 3240 apud
757 3153 938 3220 Dovorism
970 3176 1077 3240 nuper
1109 3176 1144 3220 se
1176 3153 1355 3232 habebant,
1381 3159 1417 3220 et
1444 3153 1503 3218 alis

457 3256 608 3341 quasdam
645 3256 781 3342 negotis
818 3255 907 3322 dicto
946 3255 1107 3342 Magistro
1146 3255 1186 3320 R
1223 3256 1383 3333 commisi,
1415 3254 1501 3320 vobis

455 3359 586 3444 plenius
623 3359 821 3445 exponenda
859 3380 983 3445 organo
1020 3359 1112 3424 vocis
1149 3359 1245 3424 vivae.
1315 3358 1436 3426 Valeat
1470 3361 1500 3420 et

455 3563 510 3629 die
533 3563 745 3649 Septembris.

312 3833 426 3963 ἓξὲξ.
701 3821 876 3916 rtet—Du
899 3837 1018 3888 nonsu
1040 3838 1111 3900 ouo
1133 3837 1252 3890 surm

285 4031 317 4082 1..
328 4030 409 4081 rost.
501 3989 651 4057 Salutem
684 4009 785 4074 quam
817 3987 890 4054 sibi.
936 3987 1000 4052 Pro
1034 3987 1193 4074 rescripto
1216 3992 1329 4054 vestro
1358 3989 1401 4054 ed
1423 4005 1491 4054 con-

285 4150 339 4199 rue
351 4149 426 4200 Prior
455 4093 667 4212 spltntionem
698 4096 848 4155 nostram
880 4088 988 4175 pridie
1017 4088 1113 4154 vobis
1135 4089 1257 4156 motem
1293 4089 1388 4155 vohis
1418 4087 1494 4154 mse.

285 4216 443 4268 submissus
453 4218 559 4262 rimus
587 4199 698 4282 grates
727 4192 860 4256 multas.
906 4191 1031 4256 Verum
1062 4191 1142 4277 quis
1171 4193 1208 4256 in
1231 4192 1322 4258 dicto
1344 4193 1492 4279 rescripto

284 4283 441 4414 wilica)
456 4305 566 4365 vestro
607 4297 805 4375 continetur,
835 4293 924 4379 quod
958 4293 1092 4359 articuli
1124 4295 1241 4374 nostri,
1275 4315 1357 4380 quos
1397 4313 1493 4382 nuper

284 4419 416 4481 onnup
455 4403 550 4469 vobis
580 4397 830 4475 destinavimus,
853 4417 953 4483 super
982 4395 1253 4484 appropriatione
1284 4397 1428 4465 ecclesias
1455 4397 1489 4461 de

285 4482 433 4599 {ffissiffi'
455 4503 674 4580 Westerham‚
704 4501 934 4586 inspiciendos,
967 4504 1076 4566 “sunt
1105 4499 1187 4564 satis
1219 4501 1303 4566 bene
1342 4499 1491 4588 concepti,

283 4615 366 4693 oruc
455 4615 475 4645 “
498 4609 692 4673 dumtamen
730 4609 834 4668 testes
864 4602 1034 4669 declarent
1064 4604 1101 4667 in
1130 4603 1239 4690 specie
1279 4604 1316 4669 id
1347 4603 1489 4691 quodin

284 4682 432 4803 {md}
455 4721 474 4748 “
497 4710 597 4797 dietis
626 4707 776 4774 articulis
805 4707 843 4770 in
865 4727 984 4793 genere
1016 4706 1232 4784 continetur,”
1260 4728 1413 4794 rogamus
1440 4727 1491 4773 vos
1567 4693 1568 4698 ἵ

282 4816 427 4866 towunsel
455 4814 545 4901 quod
575 4810 765 4880 certificetis
796 4830 867 4887 nos,
896 4809 932 4874 in
966 4809 1058 4895 queli
1090 4809 1197 4896 specie
1227 4815 1263 4876 et
1294 4811 1489 4898 specialitate
