3309 5859
559 920 850 977 carruamausm
1189 914 1231 983 17

177 1167 229 1232 20.
246 1164 295 1216 -'
309 1171 499 1236 Onmcarro
530 1188 735 1239 reuersum
767 1190 810 1237 nr
852 1188 1052 1239 memorius
1086 1188 1230 1238 suorum
1246 1167 1277 1219 1.
1290 1170 1338 1221 1²³
1346 1168 1371 1221 ὃ·

310 1288 372 1347 our
406 1290 582 1341 nanrrsrr
605 1290 645 1340 ru
677 1292 832 1341 somnus
855 1291 997 1340 sossius
1027 1290 1168 1341 nocens
1190 1292 1229 1340 nr

313 1372 528 1441 cmrorrn.

221 1540 405 1623 Universis,
428 1550 487 1611 eto.
519 1548 634 1631 pateat
667 1546 756 1631 quod
791 1546 937 1613 infesto
970 1546 1033 1613 Sci.
1058 1546 1230 1614 Michaelis
1247 1546 1377 1599 romula

175 1664 265 1710 anno
288 1646 382 1734 regni
405 1648 505 1735 Regis
539 1648 696 1713 Edwardi
718 1646 781 1712 filii
815 1648 916 1735 Regis
948 1649 1107 1715 Edwardi
1129 1652 1232 1737 xvj¹¹¹⁰
1247 1674 1403 1740 rheagreo·

176 1768 239 1835 ego
275 1749 315 1815 A
352 1751 504 1868 recopia
541 1750 728 1817 Prioret
694 1754 728 1815 et
767 1749 946 1817 Oonventu
985 1752 1141 1818 Ecclesiae
1163 1752 1230 1839 Xpi
1246 1748 1384 1857 &Puto

176 1848 269 1917 Cant
253 1851 429 1919 tuariensis
444 1874 547 1920 unam
562 1852 724 1919 domum
715 1874 751 1917 m
765 1853 925 1939 parochia
943 1852 1006 1921 Sci.
1023 1853 1202 1921 Andreae'
1193 1878 1229 1919 m
1245 1876 1342 1938 sym
1293 1873 1389 1923 ιιιιιιι

175 1950 370 2034 Cantuaria,
393 1954 482 2022 inter
514 1954 729 2023 domosB.e
731 1954 806 2021 tO.
830 1956 1009 2023 tenendam
1032 1961 1068 2021 et
1097 1956 1228 2023 inhabi-
1245 1948 1288 1990 ‘⁰¹¹
1245 1939 1389 2057 &tzor

174 2056 314 2123 tundam
352 2058 544 2145 predictam
590 2058 725 2123 domum
771 2079 847 2124 cum
891 2059 1104 2146 pertinentiis
1150 2061 1262 2139 suis‚v
1262 2080 1316 2123 ens

174 2159 367 2245 sumptibus
400 2161 637 2247 praedictorum
662 2160 785 2226 Prioris
819 2165 855 2225 et
889 2159 1118 2227 Conventus
1108 2183 1144 2226 rn
1176 2184 1230 2229 oo·

174 2266 273 2347 opert
275 2285 335 2331 ura
366 2267 401 2329 et
432 2264 584 2331 clausura
616 2262 855 2340 sustinendam,
885 2262 926 2328 dc
961 2263 1084 2329 eisdem
1117 2263 1230 2331 Priore

175 2368 215 2429 et
237 2364 414 2431 Conventu
446 2387 468 2432 a
501 2366 587 2432 festo
623 2364 687 2431 Sci.
723 2364 896 2431 Michaelis
929 2365 1090 2451 predicto
1123 2389 1230 2453 usque

174 2465 224 2531 ad
244 2466 333 2533 idem
356 2467 479 2533 festum
503 2467 654 2554 proxime
676 2488 824 2553 sequens,
847 2473 883 2533 ot
908 2466 1048 2533 ulterius
1070 2470 1230 2554 quamdiu

173 2568 302 2635 eisdem
329 2570 435 2635 Priori
457 2565 709 2637 et'Oonvontui
742 2569 913 2656 placuerit.
960 2570 1140 2637 Reddendo
1170 2594 1230 2659 pro

172 2671 338 2759 praediota
369 2672 466 2738 domo
496 2672 619 2737 eisdem
642 2672 748 2737 Priori
771 2675 806 2737 et
830 2671 1020 2738 conventui
1045 2674 1230 2754 annuatim,

173 2774 215 2839 in
227 2772 430 2841 thesauraria
444 2797 505 2840 sua
519 2774 609 2861 apud
620 2772 846 2853 cantuariam,
855 2775 899 2841 ad
914 2780 1057 2861 quatuor
1071 2776 1230 2842 terminos

172 2876 377 2965 principales
400 2899 458 2965 per
484 2875 627 2963 aequales
650 2877 826 2963 portiones,
851 2878 1013 2963 quamdiu
1035 2879 1230 2965 praedictam

174 2978 312 3045 domum
350 2984 497 3057 tenuem,
534 2978 778 3065 quinquaginta
823 2977 946 3045 solidos
989 2981 1229 3069 sterlingorum.

173 3080 233 3147 Ad
267 3103 365 3167 quam
398 3082 532 3167 quidem
564 3080 762 3147 solutionem
792 3081 963 3167 praedictis
997 3081 1068 3149 loco
1100 3088 1135 3149 et
1164 3089 1233 3149 ter·
1300 3167 1303 3174 1

174 3183 278 3249 minis
315 3184 499 3253 faciendam
540 3187 654 3249 tenore
700 3184 905 3270 presentium
952 3184 1061 3271 obligo
1098 3208 1160 3266 me,
1198 3192 1233 3252 et

173 3286 314 3353 heredes
336 3308 434 3366 meos,
451 3290 485 3352 et
507 3286 618 3352 omnia
640 3286 728 3352 bona
750 3307 824 3352 mea
837 3286 974 3353 mobilia
989 3292 1024 3353 ct
1037 3288 1231 3368 immobilia,

173 3386 294 3453 habita
326 3393 360 3453 et
393 3387 553 3457 habenda
611 3386 664 3467 Et,
696 3386 740 3453 ad
776 3387 936 3473 majorem
969 3389 1117 3455 omnium
1147 3413 1232 3476 prae-

174 3490 351 3555 missorum
374 3490 594 3567 securitatem,
616 3511 676 3555 nos
700 3490 736 3555 B.
761 3494 796 3555 et
819 3489 856 3557 0.
879 3497 996 3557 tenore
1018 3493 1233 3578 prasentium

174 3590 362 3679 obligamus
401 3586 470 3671 nos,
504 3593 708 3679 conjunctim
747 3597 782 3657 et
813 3592 948 3659 divisim
985 3598 1020 3659 et
1053 3600 1233 3683 utrumque

172 3700 328 3761 nostrum
360 3694 549 3774 insolidum,
573 3700 608 3760 et
629 3694 765 3760 heredes
789 3701 929 3791 nostros,
953 3702 988 3763 et
1010 3698 1122 3763 omnia
1146 3700 1234 3765 bona

175 3802 293 3864 nostra
330 3797 467 3865 mobilia
505 3801 540 3864 et
578 3796 773 3875 immobilia,
809 3797 853 3863 ed
891 3798 1093 3865 solutionem
1128 3802 1233 3866 totius

175 3902 327 3990 pecuniae
365 3901 550 3989 praedictae,
595 3902 623 3965 si
662 3900 836 3986 contingat
874 3902 1070 3987 praedictum
1118 3904 1159 3970 A.
1197 3906 1234 3970 in

175 4003 343 4073 solutione
378 4003 524 4091 ejusdem
557 4002 706 4089 pecuniee
738 4002 878 4067 deficere
899 4002 943 4069 ad
966 4005 1126 4070 terminos
1148 4028 1233 4091 prae-
1271 4062 1274 4069 .

176 4108 293 4177 dictos.
339 4106 381 4173 In
416 4128 557 4193 quorum
589 4104 736 4171 omnium
772 4105 1007 4185 testimonium,
1037 4113 1097 4173 etc.
1143 4106 1233 4174 Data

176 4216 216 4279 et
238 4214 312 4278 acta
334 4207 370 4276 in
394 4208 540 4277 Ecclesia
562 4208 639 4295 Xpi.
665 4207 824 4295 praedicta
847 4208 901 4273 die
923 4209 982 4274 tali
1007 4231 1094 4275 anno
1117 4231 1233 4297 supra·

177 4314 279 4381 dicto.

376 4537 531 4609 ri-Dr
554 4554 710 4607 Limnatis
734 4554 1058 4609 exsurnrrrcsunrs.
1249 4556 1374 4611 arrae

227 4654 403 4724 Universis
426 4664 541 4745 pateat
563 4680 622 4745 per
653 4664 833 4744 praesentes
856 4660 947 4745 quod
968 4681 1029 4725 nos
1062 4658 1105 4725 H.
1129 4656 1232 4740 Prior,
1249 4692 1381 4746 Famula.

178 4760 248 4837 tra,
271 4760 418 4826 vidimus
452 4766 488 4826 et
521 4760 727 4847 inspeximus
760 4762 890 4827 litteras
924 4768 1077 4849 patentes
1099 4785 1233 4829 venera·
1251 4783 1408 4836 rotenses

179 4861 262 4929 bilis
285 4862 391 4948 patris
414 4861 466 4929 W.
484 4864 550 4941 tro,
573 4883 640 4929 non
662 4862 804 4929 abolitas
827 4869 880 4931 set
902 4884 1007 4944 sanas,
1023 4868 1058 4933 ct
1080 4866 1335 4969 integras,¹into
1251 4848 1394 4983 τώ·

282 4964 310 5015 u
343 4966 435 5015 arara.
1077 4985 1100 5033 B
