3309 5859
545 886 836 938 canrosmnusus.
1157 873 1223 940 329

156 1079 299 1144 indulto
332 1077 532 1163 hujusmodi,
562 1097 601 1142 ac
634 1081 707 1142 toto
730 1077 802 1162 ejus
834 1081 949 1141 tenore
971 1078 1012 1142 de
1043 1078 1144 1143 verbo
1174 1079 1218 1144 ad
1234 1072 1392 1122 ‘⁰¹¹0500‘0

158 1181 315 1259 verbum,
337 1201 376 1245 ac
397 1179 540 1265 propriis
563 1177 727 1257 ordinum,
755 1177 913 1256 locorum,
938 1183 973 1243 et
1004 1200 1218 1265 personarum
1233 1154 1382 1268 {33¹}OE

160 1305 281 1350 eorum
313 1281 504 1348 nominibus
539 1281 672 1367 plenam
706 1286 740 1346 et
762 1302 951 1366 expressam
978 1302 1048 1346 non
1081 1271 1367 1388 fe0er111l{{,⁰¹,}{q¹,'1⁰‘

166 1384 384 1461 mentionem,
427 1389 462 1450 a
512 1383 716 1469 quibuslibet
762 1382 956 1469 privilegiis,
993 1383 1220 1469 indulgentiis,
1234 1355 1359 1454 iiam&

162 1487 445 1572 exemptionibus,
483 1492 518 1552 et
562 1486 685 1551 litteris
723 1485 925 1572 apostolicis,
964 1476 1220 1573 quibuscunque
1231 1471 1380 1588 {effigium

165 1589 393 1676 dignitatibus
431 1610 490 1654 seu
528 1588 699 1654 ordinibus
746 1588 935 1665 eorundem,
974 1594 1034 1653 aut
1070 1593 1299 1675 personiscase

166 1691 402 1779 singularibus,
441 1690 496 1755 vel
528 1689 789 1776 quibuscumque
840 1688 914 1754 aliis
951 1691 1150 1775 generaliter
1187 1698 1221 1758 et

167 1794 369 1881 specialiter,
404 1793 466 1858 sub
513 1812 719 1878 quacumque
759 1791 866 1857 forma
911 1790 965 1856 vel
1012 1794 1223 1880 expressione

167 1897 357 1973 verborum,
394 1916 415 1961 a
459 1899 640 1959 memorata
678 1889 762 1960 Sede
808 1892 977 1972 concessis,
1016 1894 1057 1960 de
1103 1896 1223 1981 quibus

129 1990 131 1994 ¹
169 2018 442 2086 quorumeunque
465 1995 546 2062 totis
576 1995 747 2061 tenoribus
770 1995 811 2059 de
834 1995 937 2060 verbo
960 1995 1003 2060 ad
1026 1997 1164 2062 verbum
1187 1999 1224 2064 in

169 2103 295 2168 nostris
317 2101 438 2165 litteris
460 2097 612 2187 specialis
635 2104 669 2163 et
684 2118 840 2183 expressa
855 2099 980 2163 mentio
1002 2098 1048 2163 sit
1062 2097 1223 2168 habenda

170 2205 224 2270 Ut
245 2208 358 2268 autem
382 2200 539 2288 praedicta
570 2200 703 2277 decima,
727 2199 765 2264 in
788 2221 866 2264 usus
889 2201 1112 2267 convertenda
1140 2226 1224 2291 prie-

171 2307 287 2384 dictos,
321 2305 425 2390 magis
458 2304 594 2368 solerter
624 2308 658 2368 et
689 2302 832 2367 fideliter
863 2302 1048 2389 colligatur,
1071 2305 1224 2372 volumus

173 2411 263 2496 quod
286 2408 426 2494 quilibet
457 2406 680 2483 subcolleetor,
703 2427 724 2470 a
746 2405 841 2471 vobis
872 2428 971 2492 super
1000 2407 1225 2476 collectionem

173 2510 323 2598 ejusdem
346 2510 480 2574 decimae
504 2507 723 2594 deputandus,
738 2510 877 2592 praestet
899 2508 936 2571 in
958 2508 1111 2573 manibus
1134 2510 1224 2576 illius

174 2615 233 2700 qui
268 2635 343 2680 eum
378 2611 598 2698 deputaverit,
622 2610 686 2676 sub
719 2609 824 2674 forma
847 2631 922 2696 quae
952 2611 1111 2696 sequitur,
1131 2613 1223 2698 jura·

43 2782 47 2788 .
174 2727 331 2782 mentum.

222 2819 312 2906 ‹Ego
360 2866 366 2880 ,
396 2809 420 2884 “,
467 2865 476 2882 ,
523 2867 529 2882 ,
683 2815 899 2881 subcollector
921 2816 1055 2882 decimae
1090 2820 1222 2904 quadri·
1235 2837 1365 2888 Thesea

175 2921 302 2988 ermetis
324 2919 516 2986 reddituum
540 2923 575 2983 et
597 2923 819 3004 proventuum
851 2917 1142 2986 ecclesiastieorum
1163 2945 1223 3009 per
1236 2903 1377 3022 22¹,ffi'f‘⁰¹'⁸

177 3024 294 3090 Sedem
324 3020 550 3108 Apostolieam
581 3019 753 3105 imposita,
783 3020 819 3083 in
850 3019 987 3086 civitate
1009 3026 1053 3086 et
1090 3023 1224 3089 dioecesi

177 3149 198 3193 a
219 3124 400 3192 venerabili
423 3128 518 3210 patre
541 3122 685 3187 Domino
709 3121 774 3186 Dei
796 3122 906 3207 gratia
922 3121 1102 3189 Collectore
1126 3126 1230 3211 ipsius

179 3229 313 3295 decimae
335 3227 373 3290 in
395 3226 463 3290 suis
487 3225 623 3291 civitate
646 3229 681 3290 et
704 3224 838 3290 dioecesi
861 3225 1048 3311 deputatus,
1075 3227 1163 3313 juro,
1186 3230 1230 3296 ad

179 3337 292 3398 sancta
314 3330 378 3394 Dei
402 3327 595 3416 Evangelia,
619 3328 708 3413 quod
738 3327 881 3392 fideliter
903 3327 1045 3416 exigam,
1068 3331 1229 3419 colligam,

180 3434 342 3521 recipiam,
366 3437 401 3498 et
422 3431 608 3497 custodiam
631 3432 737 3516 ipsam
760 3429 931 3510 decimam,
953 3452 1021 3496 non
1053 3432 1229 3501 deferendo

180 3537 216 3601 in
246 3535 312 3600 hiis
346 3532 446 3599 alicui
480 3553 637 3620 personas,
672 3533 908 3618 cujuscumque
941 3538 1059 3611 status,
1094 3536 1230 3616 ordinis,

181 3636 386 3713 conditionis,
409 3640 469 3700 aut
492 3635 667 3722 dignitatis
691 3633 823 3710 existat,
846 3655 951 3720 prece,
973 3637 1090 3721 pretio,
1113 3661 1230 3718 amore,

181 3740 296 3828 gratia,
319 3737 374 3804 vel
407 3737 529 3815 favore,
553 3759 612 3802 seu
646 3756 854 3822 quacumque
889 3737 929 3802 de
953 3759 1072 3820 eausa3
1102 3745 1137 3806 et
1159 3765 1231 3808 cam

182 3845 307 3930 integre
345 3841 520 3907 restituam
557 3845 591 3906 et
621 3839 797 3926 assignabo
838 3840 944 3906 eidem
966 3840 1119 3918 ,Domino
1156 3868 1244 3912 eum

183 3945 314 4012 collecta
335 3943 439 4009 fuerit
461 3943 497 4006 in
519 3929 660 4030 singulis
686 3941 838 4007 terminis
861 3944 1068 4029 supradietis,
1090 3945 1232 4034 indeque

184 4049 317 4114 reddam
338 4045 467 4112 fidelem
491 4049 525 4110 et
547 4044 730 4132 legitimam
753 4045 933 4110 rationem!

225 4155 386 4219 Praeterea
416 4152 579 4228 volumus,
603 4149 691 4236 quod
722 4151 751 4215 si
785 4150 931 4236 aliquem
966 4158 1116 4220 vestrum
1155 4160 1234 4224 sub·

185 4259 270 4325 trahi
293 4258 334 4323 de
368 4256 485 4332 medio,
508 4255 597 4321 dicto
620 4255 838 4341 quadriennio
872 4255 1022 4346 durante,
1046 4263 1230 4348 contigerit,

185 4361 372 4448 Capitulum
397 4357 549 4423 Ecclesiae
572 4357 662 4423 illius
685 4359 743 4444 qui
766 4359 813 4423 sic
837 4357 1054 4425 subtrahetur
1084 4385 1123 4428 ea
1157 4385 1231 4451 quie

186 4465 238 4530 ille
271 4464 358 4528 cirea
394 4461 615 4526 ministerium
655 4459 856 4525 collectionis
893 4461 1060 4544 praedictae
1097 4464 1233 4533 haberet

188 4587 279 4654 agere
313 4565 340 4629 si
373 4563 511 4640 viveret,
535 4583 706 4647 quousque
739 4561 825 4625 alius
860 4566 990 4626 creatus
1022 4563 1133 4646 fuerit,
1156 4569 1231 4633 dili-

188 4673 299 4756 genter
321 4671 355 4732 et
378 4665 520 4732 fideliter
543 4669 731 4751 exequetur.
777 4664 867 4729 Data
889 4665 1066 4732 Avinoniae
1088 4669 1142 4752 iij⁰
1165 4672 1233 4740 No.

190 4794 246 4844 nas
267 4769 422 4842 danuarii
443 4769 659 4855 pontificatus
682 4768 787 4836 nostri
809 4788 898 4832 anno
921 4770 1174 4857 quartodecimo,
