3309 5859
546 930 837 983 carraccetenses
1212 912 1232 973 9

181 1179 208 1244 9.
216 1144 580 1242 —iiaarrrrcsroarun
619 1172 829 1239 Susraroms
866 1189 915 1237 na
950 1171 1129 1236 Miseno
1161 1160 1371 1233 Dok-1⁷⁹⁰·

517 1292 599 1340 unu
621 1274 901 1341 Aaosrnrrscom.

185 1524 188 1531 .
225 1440 514 1507 Reverendissimo
536 1440 572 1505 in
596 1440 731 1509 Christo
754 1441 844 1527 patri
867 1445 902 1505 et
924 1440 1067 1517 domino,
1093 1436 1234 1503 Domino
1247 1434 1375 1488 romula

182 1543 224 1621 J„
247 1548 316 1622 eta,
341 1548 451 1609 vester
482 1541 617 1607 humilis
649 1546 684 1607 et
715 1540 856 1607 devotus
889 1540 978 1607 filius
1000 1541 1045 1618 T„
1077 1527 1380 1659 supprifflffrllrsssl

185 1646 337 1713 Ecclesiae
364 1651 484 1711 vestrae
509 1644 766 1722 Cantuariensis,
790 1644 1022 1720 obedientiam,
1037 1648 1096 1709 etc
1142 1642 1237 1708 Man·
1250 1662 1336 1711 know·

184 1750 300 1815 datum
324 1752 471 1813 vestrum
502 1746 812 1813 reverendissimum
844 1768 952 1833 nuper
979 1749 1087 1833 recepi
1115 1748 1178 1816 sub
1199 1727 1388 1857 eoffiffl}

184 1851 241 1939 qui
264 1851 414 1937 sequitur
429 1856 542 1943 tenore
557 1849 744 1915 verborum.
791 1859 808 1883 “
820 1850 862 1927 J„
877 1850 1090 1936 permissione
1113 1850 1237 1927 divina,
1249 1860 1389 1911 taceret·

186 1952 263 2019 etc”
311 1952 417 2038 Cujus
448 1952 647 2019 auctoritate
681 1951 832 2016 mandati
866 1972 979 2017 omnes
1008 1951 1127 2018 fratres
1149 1928 1370 2045 mwsffidldld

187 2061 222 2121 et
243 2054 390 2143 singulos
407 2053 584 2121 monachos
611 2053 767 2119 Ecclesiae
793 2061 911 2119 vestre
927 2053 1136 2139 ,praernunivi
1151 2053 1240 2139 quod
1252 2060 1346 2136 artua

188 2160 398 2243 compareant
436 2161 471 2221 et
508 2161 697 2242 compareat
734 2176 847 2219 eorum
886 2155 1029 2241 quilibet
1069 2157 1105 2220 in
1143 2123 1400 2245 domoqlelqppqqof

187 2266 301 2327 nostra
325 2259 512 2346 Capitulari
550 2256 785 2325 Cantauriensi
809 2280 903 2305 ·—-·
920 2258 975 2323 die
1007 2258 1130 2323 mensis
1151 2294 1241 2308 --

190 2362 340 2451 proximo
363 2360 486 2427 futuro.

193 2632 440 2699 10.-L1rraaa
485 2647 756 2701 rmrnamrarrs
793 2650 895 2699 urssa
932 2635 1065 2700 Asaarr
1103 2635 1243 2699 Menas-

335 2750 449 2821 ‚rann
472 2735 620 2801 Sanora
645 2734 778 2801 Caums
801 2752 849 2800 na
872 2735 1066 2801 Waarnarr.

238 2862 429 2959 Reverendo
462 2894 498 2959 in
532 2892 666 2961 Christo
703 2892 799 2959 fratri
840 2892 984 2959 Domino
1022 2894 1148 2960 Abbati
1181 2894 1244 2962 Dei
1257 2893 1385 2944 comula.

192 2996 300 3085 gratia
322 2996 469 3084 exempti
492 2996 684 3063 Monasterii
709 2996 852 3063 Sanctae
873 2994 989 3065 Crucis
1011 2998 1052 3064 de
1073 2997 1243 3065 Waltharn
1256 2984 1401 3102 Ἠῶ

194 3106 228 3183 et
250 3098 396 3185 ejusdem
418 3099 482 3166 loci
505 3100 689 3165 venerabili
713 3098 912 3176 Conventa,
935 3100 1104 3167 Johaonos
1131 3102 1380 3168 eademeenttoa

195 3202 303 3289 gratia
324 3201 418 3266 Prior
443 3200 597 3267 Ecclesiae
622 3200 748 3267 Christi
764 3200 1026 3281 Cantuariensis,
1048 3202 1190 3271 salutm
1212 3186 1406 3313 illim,

196 3303 408 3371 iratenrelem
431 3304 467 3369 in
489 3304 633 3371 Domino
660 3304 876 3371 dilectionem.
933 3304 1152 3372 caritativam
1176 3329 1246 3373 ves·
1259 3315 1415 3367 situatas

197 3413 283 3473 tram
323 3406 505 3471 amiciciam
551 3405 705 3493 diligenti
743 3406 908 3492 peticione
947 3408 1178 3493 praevenimus,
1213 3414 1248 3474 et
1258 3383 1410 3501 fflfflff

198 3511 234 3574 in
256 3508 400 3574 Domino
432 3508 630 3594 requirimus
662 3508 834 3587 attentius,
865 3510 1024 3595 quatinus
1054 3509 1341 3594 dilectoromofthp

199 3612 343 3677 fratrum
372 3618 407 3677 et
441 3610 674 3677 monachorum
707 3617 897 3678 nostrorum
931 3614 1066 3691 animas,
1086 3582 1411 3701 videlicet,1¹1³„“f'¹⁸⁰‘¹¹l

201 3716 335 3782 Thomas
368 3714 547 3781 sacerdotis
570 3721 613 3799 et,
626 3714 763 3801 professi
788 3715 847 3801 qui
870 3716 944 3802 viij⁰
966 3716 1046 3783 Idus
1067 3717 1250 3799 Febnrarii,

200 3842 238 3885 ac
260 3818 361 3884 etiam
395 3816 530 3883 Thomae
565 3818 744 3883 sacerdotis
775 3822 810 3883 et
841 3818 979 3904 professi
1002 3821 1060 3905 qui
1092 3818 1141 3907 jjie
1171 3821 1252 3887 idus

201 3920 334 4007 Aprilis,
371 3940 499 3985 necnon
536 3918 671 3985 'l'homae
718 3920 898 3986 sacerdotis
930 3927 965 3986 et
1010 3922 1149 4008 professi
1193 3923 1252 4008 qui

201 4024 307 4109 primo
338 4020 392 4085 die
424 4022 544 4085 mensis
582 4020 705 4099 Marcii,
729 4020 887 4087 Willelmi
918 4045 1046 4110 quoque
1076 4025 1254 4091 sacerdotis

201 4130 235 4189 et
257 4122 398 4210 professi
424 4123 481 4208 qui
506 4121 555 4208 jjie
581 4121 662 4187 Idus
678 4124 887 4203 Novembris,
903 4124 945 4191 de
967 4129 1122 4212 presenti
1145 4130 1253 4193 curnis

202 4225 366 4313 ergastulo
397 4231 477 4291 sunt
508 4226 679 4302 subtracti,
704 4226 835 4301 devotis
865 4230 986 4293 vestris
1008 4230 1172 4317 obsequiis
1195 4232 1253 4297 ha·

203 4329 309 4395 beatis
324 4328 613 4395 recommendatas.
660 4328 711 4394 Ut
733 4330 790 4415 pia
810 4330 985 4395 missarum
1008 4338 1043 4397 et
1065 4333 1253 4399 orationum
1286 4394 1289 4399 .

204 4430 360 4517 suffragia
383 4430 504 4516 quibus
536 4428 578 4493 ad
611 4430 752 4495 invicem
784 4437 910 4497 mutuas
936 4432 1174 4501 vicissitudinis
1197 4436 1254 4503 ob·

204 4538 301 4601 tantu
324 4532 518 4619 obligamur,
541 4532 717 4597 caritative
739 4533 923 4620 dignemini
947 4536 1134 4623 adimplere.
1175 4538 1255 4606 Fra-

202 4636 396 4703 ternitatem
430 4642 575 4700 vestram
607 4636 820 4701 reverendam
858 4637 902 4701 ad
936 4636 1001 4703 Dei
1032 4638 1188 4705 honorem
1221 4649 1256 4707 et

202 4738 373 4825 religionis
410 4742 625 4823 augmentum
664 4738 787 4825 dirigat
820 4740 1022 4804 Altissimus.
1084 4742 1256 4829 Scriptum

202 4839 395 4909 Oantuariae
419 4840 455 4905 in
478 4838 624 4907 Ecclesia
646 4845 760 4907 nostra
782 4842 942 4927 praedicta
965 4842 1028 4921 die,
1050 4848 1110 4911 etc.
