3309 5859
512 908 806 961 cmruanruusra
1128 898 1193 963 423

92 1094 272 1161 forsitan
309 1098 394 1163 alius
432 1099 650 1183 praedecessor
687 1098 767 1184 ejus,
806 1104 1029 1165 oneraverunt
1067 1100 1188 1185 saepius
1202 1114 1328 1165 eneroaeh

96 1198 247 1263 fratres
282 1200 436 1266 Ecclesiae
469 1205 590 1265 vestrm
624 1198 883 1279 Cantuariensia
906 1202 947 1267 de
970 1201 1110 1267 dicendo
1133 1181 1335 1311 velffigffs

100 1305 261 1389 agendo
299 1305 362 1369 sub
399 1324 498 1390 poena
544 1305 897 1370 excommunicationis
936 1326 995 1369 seu
1040 1305 1187 1392 perjurii,
1200 1313 1230 1361 or
1239 1314 1282 1363 the

105 1428 275 1491 quorum
298 1407 541 1472 absolutionem
565 1406 631 1471 sibi
662 1412 920 1472 reservaverunt
932 1432 940 1487 ;
971 1407 1093 1473 timens
1128 1380 1310 1509 egoffiffssp,

108 1508 160 1573 de
202 1510 357 1595 periculo
388 1509 575 1575 animarum
607 1510 814 1594 quorundam
848 1510 1098 1597 negligentium,
1131 1532 1190 1575 seu
1202 1511 1310 1577 mining:

112 1610 324 1676 nolentium
359 1633 505 1697 quaerere
536 1612 721 1675 remedium
743 1633 765 1675 a
800 1611 948 1697 praelatis
982 1611 1061 1690 suis,
1089 1612 1191 1697 juxta
1204 1580 1353 1694 {llffldbio

114 1713 279 1777 formam
312 1714 547 1779 reservationis
581 1713 762 1799 praedictae,
785 1713 1009 1778 venerabilem
1042 1710 1358 1801 benigni-ubsolam·

116 1819 241 1879 tatem
265 1820 413 1880 vestram
436 1814 584 1901 imploro,
600 1835 659 1902 pro
682 1816 794 1880 solute
816 1816 927 1901 gregis
949 1815 1050 1881 michi
1072 1816 1190 1902 (eom),
1203 1776 1349 1892 gffiliqin,

121 1917 237 1993 missi,
271 1919 431 2003 quatinus
466 1917 578 1982 velitis
608 1916 711 1982 michi
749 1918 955 1983 committeffl
993 1923 1192 2003 potestatem
1204 1924 1316 2025 ffigm

121 2022 285 2083 vestram
307 2018 500 2083 absolvendi
523 2038 750 2103 quemcunque
772 2017 908 2083 fratrem
933 2019 1132 2084 incidentem
1156 2020 1323 2092 inreservec

124 2120 238 2185 talem
262 2140 375 2184 casum
408 2118 759 2184 excommunicationis
781 2120 837 2183 vel
864 2118 1012 2205 perjurii,
1035 2108 1301 2223 qualiter-ige&

128 2242 269 2307 cunque
292 2226 508 2299 reservatum,
531 2243 553 2285 a
584 2242 650 2305 quo
673 2220 844 2285 absolvere
868 2222 1025 2307 potestis3
1055 2226 1090 2286 et
1114 2222 1193 2287 mit·
1205 2239 1309 2305 bishop:

130 2330 232 2390 tatur
267 2325 359 2390 dicta
389 2328 545 2410 potestas,
568 2324 598 2387 si
629 2314 747 2409 placet,
778 2323 840 2387 sub
876 2322 936 2387 tali
968 2321 1082 2401 forma,
1105 2326 1194 2410 quod
1207 2308 1355 2428 ξῇζζζὲξο

134 2428 266 2513 possim
310 2426 517 2491 committere
555 2429 756 2511 potestatem
802 2424 903 2489 alicui
948 2425 989 2490 de
1034 2424 1194 2491 fratribus
1206 2455 1308 2491 remove
1320 2453 1370 2489 ouo

136 2531 224 2595 meis
255 2530 302 2594 sic
333 2528 549 2607 absolvendi;
579 2528 659 2611 quia
686 2527 823 2592 fuerunt
856 2527 1021 2607 nonnulli,
1045 2533 1194 2616 tempore
1208 2507 1324 2623 3ξέἒῇ

138 2632 280 2698 Henrici
325 2631 572 2717 praedecessoris
617 2630 691 2706 mei,
728 2631 796 2715 qui,
839 2652 901 2695 nec
946 2632 1091 2696 vivendo
1136 2640 1282 2698 nectian'i
1295 2640 1352 2703 (the

140 2734 322 2810 moriendo,
345 2736 526 2819 potuerunt
559 2731 672 2797 induci
707 2732 750 2796 ad
785 2731 855 2811 hoc,
880 2732 968 2817 quod
999 2733 1035 2797 in
1068 2734 1197 2800 casibus
1208 2706 1328 2836 ffipq

141 2836 319 2902 reservatis
341 2834 468 2899 vellent
500 2833 564 2897 sibi
597 2833 755 2898 confiteri.
801 2834 864 2897 Isti
887 2834 1044 2919 petitioni
1067 2836 1337 2922 placeatnomineos

143 2940 240 3003 vobis
262 2959 418 3015 annuero,
440 2941 510 3001 tam
534 2957 594 3022 pro
629 2936 758 3000 censibus
790 2934 983 3021 periculosis
1015 2941 1195 3017 retroactis,
1207 2907 1345 3021 mim)

146 3063 245 3128 quam
268 3040 370 3105 etiam
393 3060 454 3119 pro
476 3036 601 3101 futuris
622 3036 778 3123 periculis
802 3037 978 3103 evitandis.
1208 3039 1314 3102 appoint

192 3142 294 3208 Aliud
325 3145 374 3207 est
408 3139 509 3205 etiam
543 3159 603 3224 pro
641 3159 707 3223 quo
747 3137 841 3203 vobis
878 3160 989 3224 preces
1027 3140 1198 3207 humiliter
1209 3120 1258 3219 ἵζ’
1259 3106 1354 3221 ἰῗὲζᾶῃ

150 3246 296 3322 infundo,
318 3249 353 3309 et
376 3247 426 3308 est
449 3242 562 3305 istud:
589 3240 708 3305 Frater
752 3290 759 3305 .
807 3291 813 3306 .
860 3293 867 3306 .
916 3292 921 3305 .
956 3243 997 3306 de
1030 3294 1036 3309 .
1082 3294 1089 3309 .
1137 3294 1143 3311 .
1190 3238 1261 3321 ,⁸¹¹⁶
1313 3303 1330 3351 b

152 3372 208 3437 per
242 3368 302 3411 vos
338 3344 531 3409 nominatus
569 3342 606 3405 in
645 3341 824 3406 Sacristam
873 3342 1028 3409 Ecclesiae
1076 3351 1197 3411 restrae
1210 3305 1356 3419 iiiiii&

154 3446 408 3524 CautuariensiS,
441 3453 482 3509 ut
508 3442 625 3510 michi
659 3441 804 3520 videtur,
838 3444 891 3507 vir
923 3444 1030 3509 bonus
1062 3451 1097 3512 et
1127 3468 1197 3533 prae
1210 3436 1246 3485 ⁶¹¹
1259 3436 1347 3549 “Ptssffi

155 3555 224 3621 aliis
253 3548 413 3617 fratribus
445 3546 528 3612 meis
561 3544 707 3632 prudens
730 3548 765 3609 et
787 3550 947 3631 expertus
980 3548 1089 3613 estin
1113 3517 1323 3619 tem-iiiior

157 3654 336 3744 poralibus;
357 3650 419 3717 hac
440 3649 569 3714 ratione
591 3651 712 3725 motus,
735 3652 857 3712 vestrae
876 3650 1066 3716 reverendae
1089 3656 1197 3738 pater·
1210 3635 1327 3753 “wer

158 3758 258 3835 nitati,
280 3760 352 3821 toto
374 3752 496 3818 mentis
519 3751 640 3818 affectu
663 3750 821 3837 supplice,
844 3752 1010 3837 quatinus,
1033 3754 1095 3822 hac
1117 3718 1316 3835 vicaiiaroiii

161 3857 332 3948 dignemini
354 3855 457 3921 michi
478 3854 613 3920 mittere
643 3858 844 3939 potestatem
878 3856 1068 3921 assumendi
1100 3858 1201 3923 michi

163 3965 278 4031 dictum
308 3959 444 4024 fratrem
478 3956 532 4023 W.
564 3957 601 4020 in
634 3954 852 4041 Capelianum
886 3979 1007 4036 meum,
1031 3979 1069 4023 ac
1100 3960 1202 4025 etiam

164 4065 283 4131 nomine
317 4066 429 4126 vestro
460 4062 662 4143 potestatem
693 4056 888 4122 nominandi
920 4057 982 4124 hac
1004 4060 1076 4125 vica
1099 4058 1203 4124 alium

162 4168 284 4234 fratrem
306 4163 343 4228 in
365 4160 545 4228 Sacristam
568 4158 722 4225 Ecclesiae
745 4163 867 4224 vestrm
890 4160 1099 4245 supradictae.

205 4306 299 4372 Aliud
328 4302 438 4379 etiam,
461 4301 491 4365 si
513 4300 630 4385 placet,
652 4320 714 4364 vos
735 4320 825 4384 rogo,
847 4302 887 4363 ut
909 4299 1022 4363 velitis
1045 4299 1107 4367 hac
1130 4302 1202 4369 vice

170 4410 256 4476 michi
284 4405 417 4471 mittere
451 4406 651 4489 potestatem
685 4400 890 4477 nominandi,
912 4401 1046 4467 nomine
1080 4408 1203 4486 vestm,

172 4531 260 4576 unum
288 4505 436 4580 fratrem,
460 4507 494 4568 et
517 4500 672 4567 Ecclesiae
706 4505 828 4565 vestrae
853 4499 1107 4568 Cantuariensis
1134 4527 1203 4569 mo·

174 4612 303 4688 nochum,
319 4608 363 4674 ad
381 4604 524 4672 officium
547 4601 794 4668 Poenitentiarii
808 4602 846 4666 in
869 4604 1029 4689 praedicta
1047 4606 1203 4686 Ecclesia,

176 4714 249 4802 quod
274 4712 415 4777 officium
445 4729 536 4773 nunc
558 4706 800 4792 quodammodo
833 4712 939 4786 vacat,
963 4709 1093 4775 ratione
1116 4710 1206 4778 illius

178 4814 284 4883 onerosi
305 4817 413 4878 status
436 4831 532 4894 quom
556 4829 697 4895 parvos
719 4828 827 4893 nuper
850 4809 1037 4895 assumpsi3
1075 4812 1203 4879 utinam
