3309 5859
427 869 495 936 190
877 883 1018 939 mmm.

257 1067 395 1186 mm
428 1075 629 1148 extraneam,
650 1069 709 1134 aed
730 1069 961 1156 conjunctam
991 1092 1052 1137 neo
1083 1073 1133 1136 est
1155 1069 1352 1136 hereditatis
1375 1069 1472 1136 alien·

255 1201 384 1266 inapert-
427 1173 496 1238 atio
526 1194 679 1258 sponsam
710 1173 844 1254 dotare3
873 1195 935 1240 neo
964 1175 1066 1241 etiam
1088 1173 1249 1239 bonorum
1273 1172 1474 1259 delapidatio

254 1268 412 1414 {2¹32er
429 1275 514 1340 filios
537 1275 756 1364 locupletare;
789 1297 850 1341 neo
872 1275 1031 1342 alienatio
1053 1297 1173 1341 mensae
1198 1275 1301 1363 patris
1324 1279 1474 1342 censetur

256 1401 403 1452 Pnoratter
430 1379 515 1444 lilios
538 1379 679 1444 devotos
711 1380 889 1444 demensa
918 1401 979 1444 eus
999 1378 1186 1466 specialiter
1215 1399 1370 1445 recreare.
1417 1379 1474 1444 'l'e

255 1467 402 1598 {mg-¹¹⁸
430 1484 537 1548 neatis
585 1482 688 1569 igitur
733 1504 851 1548 sanum
892 1482 1064 1548 eonsilium
1113 1481 1273 1568 Apostoli,
1313 1481 1477 1570 operando

256 1601 310 1652 tion
323 1603 380 1652 teus
430 1584 554 1650 bonum
576 1585 620 1650 ad
643 1606 754 1650 omnes
777 1585 856 1650 dum
879 1590 1009 1672 tempus
1032 1584 1171 1650 habetis.

256 1669 415 1798 ffihffifm
467 1697 552 1766 [-ai
576 1715 679 1769 eorpus
702 1705 733 1754 et
750 1699 883 1754 membra
907 1699 943 1754 de
961 1715 1061 1754 mensa
1083 1699 1188 1770 eapitis
1207 1697 1394 1762 refloientnrr
1419 1715 1476 1754 non

256 1803 300 1852 the
309 1803 402 1865 Pope'e
430 1797 545 1861 oportet
569 1791 669 1861 igitur,
693 1799 727 1847 nt
750 1790 877 1856 videtur,
904 1792 1062 1848 Dominum
1081 1792 1191 1864 Papam
1216 1793 1368 1848 consulere
1393 1809 1477 1862 super

254 1868 352 1985 {3⁰3
357 1869 381 1917 ᾗ*
430 1886 600 1957 praemissis,
614 1904 669 1942 nee
685 1887 721 1940 ab
734 1886 795 1957 ipso
807 1885 957 1942 licentiam
970 1885 1114 1958 postulare
1124 1909 1131 1952 ;
1151 1885 1220 1958 quia
1231 1903 1285 1940 neo
1299 1885 1369 1960 jura
1380 1885 1479 1942 divina

255 2001 352 2066 qum
429 1996 483 2033 neo
501 1980 628 2034 humana
645 1980 795 2051 praemissa
812 1979 876 2034 fieri
894 1979 1056 2052 prohibent,
1069 1985 1113 2034 set
1131 1980 1307 2050 permittunt
1320 1979 1407 2050 juxta
1419 1997 1477 2034 mo·

429 2072 500 2126 dum
524 2075 734 2145 praescriptum.
788 2073 954 2129 Conventus
984 2073 1127 2145 siqnidem
1159 2074 1266 2145 absque
1296 2073 1479 2130 alienationis

429 2167 566 2240 scrupulo
584 2167 845 2238 praedeoeesoribus
864 2167 968 2224 vestris
987 2167 1081 2224 multa
1099 2169 1243 2224 ooneeaait
1262 2211 1269 2222 .
1288 2207 1295 2224 .
1320 2211 1327 2224 .
1348 2167 1382 2238 .]¹

284 2346 387 2476 (lilii
602 2395 920 2462 1ea-Excossrro
944 2411 993 2458 nn
1014 2409 1086 2460 rou
1109 2409 1299 2460 vmumno.

257 2561 286 2609 n.
302 2559 378 2612 raet.
475 2551 542 2616 Suo
565 2552 661 2637 patri.
708 2551 832 2615 Praeter
855 2550 1058 2616 debilitatem
1088 2549 1232 2635 eorporis
1255 2569 1355 2636 quam
1378 2547 1476 2614 miehi

258 2686 398 2738 rneffior
429 2655 546 2720 attulit
577 2654 713 2718 taediosa
746 2657 904 2730 senectus,
940 2653 1116 2718 continuus
1149 2651 1240 2717 dolor
1274 2651 1387 2716 lateris
1426 2674 1477 2716 me

255 2754 394 2870 plffllifl
432 2757 587 2843 deprimit
609 2763 643 2820 et
666 2755 791 2842 affligit,
807 2755 981 2842 quominus
1004 2774 1137 2840 possum
1153 2775 1274 2839 equum
1297 2755 1478 2832 aseendere,

256 2837 314 2937 ἷζε
321 2830 414 2938 12¹3„
430 2880 490 2924 neo
513 2859 554 2924 de
588 2857 658 2924 loeo
689 2859 732 2923 ad
755 2858 862 2923 locum
894 2880 946 2922 me
978 2858 1162 2923 transferre,
1210 2855 1343 2922 Habeat
1367 2857 1477 2944 igitur,

256 2955 353 3070 ξιξὶἔέθῐ
430 2961 458 3024 si
480 2960 596 3047 plaeet,
620 2961 695 3045 pius
717 2971 811 3046 pater
833 2959 938 3022 filium
962 2959 1118 3024 devotum
1141 2960 1206 3024 ista
1229 2959 1300 3024 vice
1333 2959 1478 3025 rationa-

258 3089 301 3138 ὡς
314 3037 397 3138 ffi.
430 3063 542 3126 biliter
564 3067 765 3127 excusatum.
813 3059 917 3127 Facta
939 3067 973 3126 et
1004 3065 1098 3147 gesta
1132 3081 1238 3147 nuper
1269 3059 1359 3146 apud
1392 3061 1476 3126 Salt-

257 3154 352 3270 ξξξζῐ)
429 3166 531 3242 wode,
554 3171 653 3251 prout
684 3165 855 3250 exquirere
886 3165 990 3250 potui,
1020 3161 1114 3228 robis
1148 3163 1363 3250 proculdubio
1394 3185 1478 3228 nun·

257 3289 412 3339 ammonet.
429 3269 573 3346 tiassem,
605 3268 669 3332 nisi
702 3267 819 3332 Frater
854 3266 1055 3332 Laureneius
1088 3267 1130 3331 de
1165 3265 1361 3352 SandwyoO,
1393 3287 1478 3333 eom·

429 3370 582 3438 mensalia
605 3377 722 3449 vester,
744 3370 825 3436 illue
848 3369 1065 3458 personaliter
1087 3369 1243 3448 affuisset,
1268 3367 1326 3454 qui
1349 3368 1478 3455 plenius

430 3474 536 3538 multa
558 3473 645 3538 vidit
667 3478 702 3538 et
723 3472 858 3538 audivit
893 3471 1024 3548 ibidem,
1049 3476 1084 3536 et
1106 3472 1203 3537 credo
1226 3471 1316 3556 quod
1338 3493 1378 3538 ea
1400 3471 1478 3536 seri-

430 3577 518 3641 osius
550 3576 644 3641 vobis
676 3575 816 3661 scripsit.
864 3575 983 3640 Valeat
1017 3573 1170 3640 dominus
1201 3596 1294 3640 meus
1327 3579 1423 3661 pater
1445 3579 1479 3638 et

430 3686 551 3766 pastor,
574 3685 608 3744 et
641 3685 761 3745 ounota
794 3700 951 3765 prospera
974 3678 1037 3743 sibi
1060 3677 1244 3745 suooedant
1289 3678 1367 3744 Dat
1391 3679 1479 3763 apud

432 3782 541 3847 Broke
559 3781 659 3866 juxta
682 3781 757 3868 Wy,
782 3781 832 3845 ix⁰
854 3780 907 3846 die
929 3779 1037 3846 Junii.

287 4001 400 4066 Μαι·
504 4010 676 4081 187.-Dn
699 4025 939 4075 sasoaurmun
961 4023 1183 4084 onoauunau
1206 4024 1413 4075 osncrouuu

259 4071 394 4247 :Ji
763 4126 1150 4177 exconmuurcaroauu.

360 4212 385 4245 a.

262 4331 316 4379 'rho
328 4328 402 4379 Prior
481 4276 549 4342 Suo
571 4274 669 4361 patri.
717 4272 803 4338 Cum
835 4271 950 4358 pridie,
973 4275 1047 4357 post
1085 4270 1163 4336 solie
1200 4291 1358 4350 oeoasum
1381 4268 1481 4336 miehi

262 4411 381 4461 mages
435 4385 602 4445 constaret
640 4378 681 4442 de
718 4375 910 4440 turbatione
948 4373 1050 4438 numi
1089 4373 1201 4451 vestri,
1225 4397 1284 4459 pro
1321 4374 1482 4462 injuriosa

260 4463 324 4514 'iffi
334 4465 377 4514 ‘¹¹⁶
434 4482 641 4568 aggressione
671 4479 760 4544 faeta
790 4477 906 4543 clerieo
937 4481 1048 4542 vestro
1087 4497 1145 4561 per
1179 4476 1373 4542 insolentias
1408 4500 1481 4564 gar·

467 4687 475 4718 ¹
493 4685 556 4734 This
579 4685 662 4734 clauae
684 4698 734 4734 was
756 4681 813 4730 first
836 4678 933 4729 written
984 4680 1114 4730 oaneelled
1124 4680 1175 4728 and
1186 4680 1229 4730 the
1237 4679 1303 4730 torm
1314 4695 1342 4732 aa
1353 4681 1374 4730 it
1394 4683 1480 4732 stands

433 4767 468 4832 by
479 4766 523 4815 the
535 4764 615 4825 Prior,
621 4765 667 4813 but
677 4764 761 4826 being,
772 4761 932 4824 reasonably,
983 4757 1009 4808 in
1021 4758 1066 4809 the
1076 4765 1131 4810 text
1141 4759 1251 4823 adopted
1260 4758 1286 4808 in
1297 4758 1330 4810 ita
1341 4760 1420 4824 plara.

433 4844 582 4894 considered
605 4849 684 4905 nnapt
702 4839 729 4889 in
748 4839 824 4904 style,
842 4837 862 4888 it
880 4855 930 4890 was
