3309 5859
407 855 451 920 64
863 871 1003 924 mm

267 1149 363 1266 ¹1ng
408 1147 658 1213 os-Lnrm
671 1161 809 1214 clausu
829 1147 975 1216 Domuo
999 1148 1146 1215 Kmouo
1171 1147 1260 1216 Reor
1284 1149 1456 1216 Fnaucrn

347 1251 352 1264 '
750 1267 816 1318 rao
839 1265 936 1316 unus
959 1267 1110 1318 uosrms.

273 1370 279 1384 ¹
339 1449 345 1462 ,
451 1390 736 1458 Excellentissimo
767 1393 910 1480 principi
933 1393 1078 1460 Domino
1104 1393 1226 1458 Karolo
1250 1393 1312 1458 Dei
1344 1393 1456 1479 gratia

236 1451 382 1577 ᾗῖοψ
405 1493 487 1580 Regi
511 1493 659 1559 Franciae
691 1486 822 1574 illustri,
847 1496 899 1562 sni
923 1497 1064 1562 humiles
1096 1503 1131 1564 et
1153 1497 1266 1562 devoti
1290 1495 1456 1561 Henrieus

235 1586 392 1704 ἓξὲξ,
405 1598 499 1662 Prior
512 1602 548 1662 ct
563 1596 756 1682 Capitulum
772 1599 927 1665 Ecclesiae
944 1599 1070 1666 Christi
1094 1597 1352 1676 Cantuariensis,
1367 1599 1457 1663 salu-

236 1719 374 1770 usefors.
403 1707 471 1764 tem
495 1705 529 1764 et
551 1701 738 1767 orationum
762 1701 920 1789 suffragia
943 1703 1149 1768 devotarum.
1211 1703 1296 1769 Cum
1318 1701 1455 1768 celebris

233 1785 392 1904 ffiffazllffinss
403 1803 569 1868 memorias
602 1803 765 1869 Dominus
790 1805 981 1870 Ludovious
1008 1807 1176 1891 quondam
1200 1806 1274 1870 Rex
1297 1805 1456 1879 Francius,

403 1906 446 1970 ob
468 1906 683 1971 devocmnem
706 1911 741 1971 et
768 1907 981 1973 dilectionem
1005 1929 1087 1994 quas
1110 1908 1230 1973 habuit
1251 1909 1295 1972 ad
1317 1907 1452 1972 beatum

403 2013 436 2072 et
481 2008 657 2094 gloriosum
696 2009 867 2074 martirem
924 2010 1094 2088 Thomam,
1133 2011 1259 2075 dudum
1298 2009 1453 2075 Eculeus

402 2116 522 2174 nostrae
545 2111 851 2198 Archispiscopum,
876 2113 973 2178 nobis
989 2118 1024 2178 et
1046 2113 1200 2180 Ecclesiae
1223 2117 1346 2178 nostre
1366 2134 1453 2198 prae-

402 2211 500 2276 dictae
523 2216 656 2276 eentum
678 2212 817 2277 modios
849 2214 921 2278 vini
945 2214 979 2278 in
1012 2219 1207 2302 perpetuam
1239 2213 1452 2280 elemosinam

400 2319 605 2395 concesserit,
639 2318 869 2405 percipiendos
900 2320 936 2384 in
958 2320 1144 2386 castellaria
1176 2319 1310 2385 Pissiaci
1344 2335 1452 2386 annu'-

399 2419 492 2484 atim.
539 2419 585 2484 Et
606 2419 685 2484 licet
706 2420 851 2485 ministri
875 2421 977 2488 vostri
1000 2422 1041 2487 do
1065 2421 1208 2488 Pissiaoo
1231 2421 1394 2508 arreragiis
1416 2428 1453 2489 et

400 2520 546 2586 desectus
580 2519 773 2607 hujusmodi
796 2521 1007 2587 liberalitatis
1041 2524 1141 2610 regias
1165 2545 1224 2610 per
1257 2546 1316 2589 sex
1345 2545 1451 2588 annos

397 2623 548 2710 proxime
569 2625 755 2710 praeteritos'
774 2644 835 2711 per
856 2629 1097 2690 sacramentum
1121 2625 1275 2712 legalium
1293 2627 1445 2692 virorum¹

394 2726 540 2811 ‘singulis
562 2727 669 2803 annis
692 2727 969 2814 appropiaverint,
1004 2733 1115 2794 tamen
1153 2730 1296 2816 pretium
1335 2729 1452 2814 hujus-

398 2827 487 2892 modi
532 2829 773 2914 arreragiorum
820 2835 856 2895 et
904 2828 1094 2895 defectuum
1143 2831 1240 2896 nobis
1285 2831 1450 2897 hactenus

396 2951 466 3018 non
502 2930 684 2997 coiverunt.
731 2931 893 3012 Quocirca
930 2933 1101 2998 serenitati
1140 2933 1239 3020 rogim
1276 2933 1450 3000 humiliter

397 3031 620 3120 supplicamus
643 3040 692 3112 nt,
716 3055 777 3120 pro
807 3031 932 3098 honore
955 3041 989 3099 et
1011 3056 1123 3102 amore
1145 3035 1279 3122 gloriosi
1301 3037 1450 3102 martiris

396 3133 532 3200 'l'homs
553 3135 714 3222 p'raedicti,
755 3135 982 3202 Thesaurariis
1019 3136 1140 3201 vestris
1176 3137 1352 3224 precipere
1375 3137 1447 3225 dig-

395 3238 530 3316 nemini,
547 3239 635 3324 quod
657 3238 849 3324 hujusmodi
873 3239 1039 3324 ancingis
1073 3245 1108 3303 et
1142 3239 1290 3306 deiectus
1311 3241 1446 3304 munifi*
1476 3297 1481 3305 .

396 3343 513 3408 centiae
535 3343 653 3428 regalis
677 3343 718 3407 de
741 3364 800 3408 sex
818 3343 919 3408 annis
942 3344 1094 3430 proximo
1116 3345 1297 3430 praeteritis
1314 3343 1445 3410 dilectis

394 3445 491 3510 nobis
513 3447 551 3510 in
583 3445 717 3510 Christo
739 3445 884 3511 Domino
917 3445 1223 3534 Johannilnnnge
1245 3445 1358 3526 militi,
1386 3447 1447 3512 Jo-

389 3545 500 3610 'hanni
537 3547 628 3612 dioto
650 3547 801 3634 Anglico,
823 3567 863 3613 ac
897 3545 1045 3614 Roborto
1090 3547 1132 3613 de
1171 3543 1445 3636 Iongo-jumello,

390 3649 524 3714 civibus
557 3649 808 3730 Parisiensibus,
832 3651 1103 3737 procuratoribus
1143 3651 1266 3717 nostris
1306 3651 1344 3715 in
1379 3650 1444 3717 hac

394 3757 497 3838 parte,
521 3751 574 3817 vel
612 3753 671 3816 uni
703 3753 859 3840 ipsorum·
873 3753 1033 3840 assignari
1071 3752 1199 3820 faciant
1233 3758 1267 3819 st
1289 3753 1446 3835 liberari-3

395 4057 646 4128 ⁷03-me
678 4073 780 4122 mess
813 4058 975 4123 Joumm
1008 4059 1203 4137 Imiuruors,¹
1233 4059 1311 4126 (lm
1340 4059 1443 4126 Psar-

386 4164 388 4167 ’
661 4175 779 4238 srmrsr,
803 4177 868 4226 rso
892 4169 988 4226 vrms
1005 4159 1186 4228 Fummn.

438 4330 470 4393 A
492 4348 553 4392 son
583 4325 729 4392 trescher
762 4331 797 4390 et
831 4325 909 4392 bien
943 4326 1029 4392 aime
1060 4349 1103 4392 en
1126 4327 1213 4393 Dieu
1235 4327 1308 4394 Siue
1329 4327 1441 4395 Johan

394 4429 557 4528 langlois
581 4428 721 4516 Burgeis
759 4428 801 4492 de
836 4427 938 4506 Paris,
962 4427 1070 4496 Henri
1100 4429 1225 4508 Prieur,
1247 4436 1307 4498 etc
1341 4430 1441 4508 salua,

418 4716 433 4762 ,¹
451 4716 515 4766 This
536 4718 610 4767 letter
639 4717 660 4766 is
692 4717 821 4781 evidently
844 4719 889 4766 ad·
938 4716 1129 4768 hanacsdietur
1141 4717 1443 4787 Aaqir'casofthepower

392 4797 493 4845 dressed
512 4805 540 4845 to
559 4798 587 4847 J.
607 4797 637 4846 L’
651 4797 766 4862 Anguis,
777 4795 816 4845 ide
837 4797 888 4846 Jo-
939 4796 967 4846 ol
978 4804 1101 4861 attorney.
