3309 5859
527 916 815 970 criuruumausss.
1155 907 1220 972 325

158 1126 275 1184 annos,
315 1107 358 1172 ab
392 1107 533 1172 instanti
566 1107 654 1172 festo
676 1105 941 1174 Resurrectionis
965 1108 1147 1174 Dominicm
1180 1111 1215 1173 in
1229 1114 1332 1190 pfthra'r

159 1217 263 1276 antea
300 1211 547 1297 computandos,
570 1233 591 1276 a
625 1211 719 1275 vobis
753 1216 788 1276 et
819 1211 973 1275 omnibus
1007 1216 1042 1276 et
1075 1212 1215 1298 singulis
1229 1195 1349 1243 ΝΜ

158 1312 311 1398 personis
334 1312 570 1390 ecclesiasticis,
586 1311 749 1398 exemptis
772 1316 807 1376 et
828 1333 895 1376 non
919 1314 1091 1399 exemptis,
1114 1315 1216 1398 regni,

160 1421 335 1494 terrarum,
359 1421 393 1481 et
416 1415 562 1502 partium
586 1414 772 1491 eorundem,
795 1421 1017 1501 praeterquam
1040 1438 1061 1481 a
1084 1416 1215 1482 dilectis

159 1517 241 1582 filiis
264 1517 426 1604 Magistro
460 1523 494 1583 et
527 1518 700 1586 Fratribus
737 1517 889 1603 Hospicii
912 1517 1029 1585 Sancti
1050 1517 1215 1586 iohannis
1230 1509 1375 1570 ⁰¹⁰⁰P‘th0

352 1622 359 1635 ⁸
425 1622 431 1636 ¹
515 1621 522 1636 ‚
887 1621 894 1634 ,
1004 1621 1056 1636 ..
1229 1573 1390 1636 liospitalof

159 1621 184 1686 J
186 1621 444 1707 erosolymrtam,
467 1643 525 1707 qur
547 1626 663 1688 contra
685 1621 796 1686 hostes
818 1620 897 1686 fide1
933 1620 1133 1688 Ohnstmnae
1157 1645 1213 1688 cx·
1227 1641 1265 1688 st.
1277 1640 1348 1690 John
1358 1641 1390 1690 of

159 1727 293 1809 ponunt
325 1723 453 1810 jugiter
489 1744 524 1788 se
556 1728 590 1788 et
622 1744 690 1800 sua,
723 1743 892 1809 quousque
930 1729 1065 1810 propter
1096 1725 1159 1791 hoc
1192 1705 1378 1822 afflmm’

159 1826 376 1911 praestatione
410 1825 509 1912 hujus
543 1825 677 1890 decimae
701 1831 857 1912 exceptos
892 1826 1139 1892 essevolumus
1178 1834 1212 1893 et
1225 1854 1354 1916 εωθι-

160 1928 335 2006 immunes,
354 1928 455 2014 juxta
477 1929 613 1993 modurn
636 1927 834 2014 exigendam
866 1928 1010 2006 solitum,
1034 1930 1075 1994 de
1109 1930 1213 1996 dioto-
1226 1909 1386 2024 {³223ssssss

160 2053 237 2096 rum
260 2030 401 2096 fratrum
424 2030 568 2107 consilio,
591 2030 791 2097 auctoritate
807 2031 995 2116 apostolica,
1012 2053 1071 2116 per
1085 2038 1216 2099 nostras

158 2133 291 2199 litteras
315 2133 471 2198 duximus
494 2132 736 2219 imponendam.
783 2132 941 2199 Volentes
965 2140 1001 2199 et
1024 2136 1215 2202 ordinantes

160 2236 252 2320 quod
291 2237 379 2300 inter
424 2255 493 2313 nos,
530 2255 590 2321 pro
628 2234 751 2300 nostris
789 2241 824 2300 et
861 2235 1009 2320 ejusdem
1049 2236 1215 2316 Ecclesiae,

160 2359 338 2424 regemque
361 2338 558 2424 praedictum
580 2359 640 2423 pro
657 2337 725 2402 suis
740 2337 859 2403 utilius
874 2338 1061 2404 relevandis
1076 2342 1215 2405 necessi-

161 2440 298 2528 tatibus,
346 2440 442 2505 annis
490 2438 628 2526 singulis
676 2439 803 2505 decima
853 2441 927 2526 ipsa
972 2439 1214 2508 dimidiaretur¹

160 2541 343 2629 aqualiter,
374 2543 461 2608 sicut
492 2543 630 2607 inferius
662 2542 861 2607 continetur.
907 2543 1070 2609 Volumus
1105 2545 1216 2619 etiam,

160 2646 250 2730 quod
287 2665 347 2730 per
383 2665 442 2709 vos
476 2652 511 2709 et
542 2643 624 2708 alios
658 2642 931 2730 Archiepiscopos
966 2650 1000 2710 s't
1035 2646 1216 2733 Episcopos

160 2746 263 2833 regni,
298 2753 469 2820 terrarum,
503 2751 537 2811 et
571 2745 718 2832 partium
752 2745 996 2831 praedictorum,
1030 2749 1065 2812 in
1096 2749 1216 2813 vestris

160 2849 300 2935 singulis
331 2848 526 2915 civitatibus
560 2855 594 2912 et
617 2847 820 2922 dioecesibus,
857 2871 878 2913 a
909 2850 1057 2934 personis
1079 2855 1114 2916 et
1136 2851 1216 2918 locis

160 2949 340 3015 earundem
363 2949 538 3016 civitatum
561 2953 596 3014 et
619 2948 818 3025 dioecesium,
842 2950 879 3012 in
901 2950 1031 3016 duobus
1054 2952 1214 3030 terminis,

160 3051 300 3139 singulis
345 3053 442 3118 annis
491 3050 638 3138 ejusdem
676 3050 895 3136 quadriennii,
940 3052 1102 3131 videlicet,
1151 3075 1212 3140 pro

160 3156 335 3221 medietate
358 3155 395 3219 in
418 3153 504 3219 festo
536 3149 736 3218 Natiuitatis
759 3154 856 3218 Beati
888 3153 1051 3220 Johannis
1079 3155 1210 3242 Baptis-
1223 3154 1360 3232 sustenta

163 3264 214 3336 tac,
248 3263 283 3322 et
317 3278 378 3343 pro
412 3254 479 3320 alia
513 3255 691 3320 medietate
725 3255 760 3318 iu
795 3254 880 3320 festo
915 3255 1030 3322 Sancti
1070 3255 1209 3321 Martini
1222 3223 1347 3338 ῗοῖἶζζῇξᾱ

161 3365 283 3426 extunc
316 3357 464 3446 proxime
502 3357 730 3443 subsequente,
762 3379 845 3443 quos
883 3357 978 3424 vobis
1015 3363 1050 3424 et
1087 3355 1334 3470 eisdembrhluf-

161 3463 307 3549 personis
330 3461 373 3526 ad
403 3460 596 3546 praedictam
629 3459 820 3526 solvendam
846 3461 1018 3540 decimam,
1049 3483 1109 3548 per
1141 3436 1349 3550 eas-incidias,

161 3567 235 3630 dem
258 3564 386 3629 litteras
418 3567 556 3640 nostras,
591 3561 794 3649 praefiximus
827 3567 862 3627 et
896 3563 997 3628 etiam
1029 3564 1212 3650 assignavi-

160 3687 241 3744 mus,
274 3664 481 3751 colligeretur
515 3669 549 3730 et
588 3663 776 3749 exigeretur
810 3664 968 3748 praedicta
1004 3665 1140 3745 decima,
1178 3673 1212 3731 et

161 3793 217 3858 per
248 3790 308 3834 vos
343 3769 384 3833 dc
418 3767 537 3832 vestris
571 3765 756 3832 redditibus
789 3773 823 3831 et
856 3767 1083 3852 proventibus,
1112 3769 1214 3854 juxta

162 3895 283 3938 morem
315 3871 535 3946 observatum,
567 3869 730 3934 attentius
764 3869 968 3951 solveretur3
1000 3876 1035 3938 et
1068 3892 1144 3936 cum
1177 3873 1214 3938 in

161 3974 298 4062 siugulis
321 3971 473 4038 terminis
494 3970 630 4037 collecta
652 3992 711 4057 per
734 3991 802 4049 vos,
821 3970 862 4036 de
887 3972 1007 4036 vestris
1027 3974 1212 4039 redditibus

135 4083 194 4144 'ot
224 4075 450 4164 proventibus
474 4079 513 4138 ut
547 4072 774 4159 praemittitur,
808 4073 979 4158 persoluta
1001 4073 1133 4155 fuisset,
1159 4076 1210 4140 illi

161 4181 213 4246 vel
235 4179 309 4257 illis,
333 4199 430 4264 quem
453 4176 508 4241 vel
540 4197 621 4262 quos
644 4176 687 4242 ad
719 4197 791 4240 eam
823 4176 1045 4262 recipiendam
1067 4200 1089 4244 a
1115 4179 1208 4244 vobis

162 4285 398 4368 deputaremus,
422 4301 480 4366 per
502 4301 561 4344 vos
583 4283 618 4343 et
640 4282 786 4343 vestrum
814 4279 962 4364 singulos
985 4279 1208 4366 assignaretur
1219 4281 1279 4337 and,
1291 4279 1364 4330 when

162 4384 375 4470 integraliter,
412 4383 449 4446 in
494 4380 644 4448 terminis
681 4380 904 4466 supradietis3
941 4381 1035 4466 cujus
1073 4347 1349 4466 quidempppiqcetpq

163 4487 293 4554 decimae
317 4486 528 4552 medietatem
560 4506 620 4570 pro
654 4483 749 4548 nobis
784 4488 818 4548 et
853 4483 966 4548 eadem
990 4483 1144 4560 Ecclesia,
1171 4486 1208 4551 in
1221 4479 1323 4543 equally

164 4596 346 4658 nostrorum
361 4594 396 4654 et
411 4589 515 4676 ipsius
530 4586 767 4652 relevationem
792 4607 937 4664 onerum,
953 4587 1208 4654 convertendam
1220 4547 1347 4678 diffie

558 4837 566 4872 ¹
585 4837 754 4898 diuideretur,
764 4801 821 4896 ius,
