3309 5859
502 997 795 1052 CAN·rtJAR1stns
1111 989 1175 1049 515

71 1197 180 1245 non
205 1204 393 1270 expressam
416 1185 470 1250 vel
493 1185 644 1252 totaliter
666 1206 734 1250 non
756 1185 942 1250 insertam¹
968 1191 1037 1251 tuae
1052 1190 1055 1194 ’
1067 1185 1171 1271 juris-

75 1279 270 1351 dictionis
293 1286 471 1373 explicatio
492 1288 529 1353 in
551 1287 615 1353 hac
646 1291 742 1373 parte
775 1286 890 1354 valeat
923 1287 1173 1373 quomodolibet

76 1381 277 1472 impediri,
300 1396 335 1454 et
358 1390 399 1455 de
422 1412 497 1475 qua,
520 1390 681 1476 cujusque
704 1395 776 1455 toto
800 1396 925 1467 tenore,
949 1390 1103 1456 habenda
1125 1391 1171 1455 sit

77 1485 134 1549 in
170 1491 294 1556 nostris
316 1490 438 1557 litteris
461 1493 586 1557 mentio
609 1491 767 1578 specialis.
813 1491 904 1556 Data-
918 1493 1095 1557 Avinoniae
1118 1491 1170 1576 vj0

83 1586 285 1658 Kalendas
323 1595 486 1682 Augusti¹
507 1595 721 1680 pontificatus
759 1595 865 1659 nostri
910 1616 998 1660 anno
1036 1599 1170 1680 quarto-

84 1690 252 1761 decimo.
815 1711 820 1722 ·

155 1794 309 1875 Quarum
331 1800 436 1886 igitur
458 1799 655 1865 auctoritate
678 1798 874 1875 litterarum,
896 1799 940 1864 ad
970 1798 1164 1864 instantiam
1176 1822 1232 1871 The

82 1894 341 1982 religiosorum
386 1901 626 1998 praedictorum,
665 1901 700 1964 in
745 1899 935 1984 hujusmodi
979 1901 1086 1966 causis
1132 1905 1166 1964 et
1177 1889 1297 2004 {ffiele

88 2001 258 2082 negotiis
279 2001 427 2088 legitime
459 2003 680 2089 procedentes,
698 2001 786 2087 juris
808 2003 923 2067 ordine
956 2003 993 2066 iu
1015 1993 1286 2071 omnibus'resas.

91 2097 299 2180 observato,
324 2102 534 2186 diffinitivam
559 2103 758 2168 sententiam
781 2124 841 2189 pro
864 2103 987 2168 eisdem
1010 2103 1171 2189 religiosis

92 2202 144 2263 et
171 2210 290 2268 contra
319 2204 446 2271 dictum
470 2205 651 2270 Dominum
673 2203 974 2290 Archiepiscopum¹
999 2204 1061 2269 sub
1083 2210 1173 2269 certa

92 2299 222 2368 forma
239 2305 341 2390 juxta
370 2307 456 2392 juris
486 2307 696 2392 exigentiam,
720 2307 756 2369 in
790 2306 922 2391 scriptis
952 2305 1173 2392 protulimus3

94 2403 258 2468 eundem
281 2407 462 2473 Dominum
485 2408 778 2494 Archiepiscopum
810 2409 847 2472 in
878 2409 1031 2493 expensis
1062 2407 1172 2494 legiti-

99 2503 189 2581 mis,
227 2527 287 2592 per
324 2509 456 2574 eosdem
493 2510 663 2595 religiosos
701 2510 737 2572 in
775 2509 966 2595 hujusmodi
998 2511 1104 2575 causis
1138 2516 1173 2574 et

99 2609 261 2694 negotiis
282 2610 389 2689 factis,
412 2633 471 2698 per
505 2612 647 2678 eundem
670 2611 853 2676 Dominum
875 2613 1167 2699 Archiepiscopum

99 2711 293 2792 solvendis,
316 2715 405 2782 inter
437 2723 545 2783 cetera
576 2716 723 2800 legitime
746 2717 1035 2802 condempnantes,
1058 2738 1172 2781 earum

99 2815 289 2882 taxatione
312 2821 393 2882 tunc
415 2820 511 2884 nobis
533 2819 751 2905 imposterum
774 2823 963 2898 reservata3
994 2840 1076 2904 quas
1094 2819 1172 2908 ⁴qui-

102 2915 193 2980 dem
230 2939 391 3005 expensas
429 2921 472 2984 ad
509 2920 738 3006 septingentas
784 2919 887 2985 libras
925 2920 1170 3006 sterlingorum,

104 3017 294 3086 solvendas
331 3021 455 3087 eisdem
493 3021 656 3108 religiosis
693 3043 752 3108 per
786 3022 968 3087 Dominum
999 3022 1171 3107 Archiepi-

107 3139 253 3206 scopum
287 3123 523 3207 supradictum,
547 3122 717 3188 nobiscum
753 3126 787 3187 et
819 3143 894 3188 cum
927 3123 1041 3208 peritis
1074 3122 1174 3207 plena

108 3223 358 3290 deliberatione
371 3233 416 3290 et
438 3225 610 3290 taxatione
632 3228 747 3290 nostra
770 3224 963 3309 praehabita,
986 3245 1024 3288 ac
1047 3222 1173 3288 Fratris

111 3325 284 3411 Stephani
316 3326 357 3392 de
379 3327 576 3411 Hakynton,
610 3326 764 3393 monachi
796 3326 879 3392 dicti
911 3326 1105 3390 Monasterii
1139 3332 1174 3391 et

109 3427 340 3512 procuratoris
371 3427 514 3492 Abbatis
558 3432 594 3493 et
628 3427 822 3493 Conventus
854 3427 936 3493 dicti
969 3428 1164 3493 Monasterii

106 3529 306 3612 juramento
349 3535 471 3606 secuto,
517 3528 666 3615 legitime
706 3529 907 3609 taxavimus,
941 3528 1077 3613 justitia
1115 3551 1171 3594 ex-

112 3631 240 3716 igente,
262 3636 363 3717 prout
393 3630 473 3708 haec,
496 3632 532 3695 in
554 3629 787 3695 instrumentis
819 3629 961 3715 publicis
993 3631 1071 3695 inde
1095 3653 1171 3697 con-

113 3733 215 3798 fectis
247 3737 426 3818 nostroque
460 3731 569 3818 sigillo
603 3732 751 3808 munitis,
785 3731 917 3817 plenius
949 3733 1170 3800 continentur.

117 3835 210 3913 Quia
248 3835 352 3921 igitur
389 3855 507 3920 parum
545 3833 715 3920 prodesset
752 3834 953 3898 sententiam
991 3834 1069 3897 ferri
1106 3835 1173 3898 nisi

114 3937 308 4004 executioni
340 3936 463 4002 debitae
495 3935 719 4026 mandaretur,
743 3934 838 3999 vobis
869 3934 992 3998 nostris
1023 3941 1057 3998 et
1090 3933 1173 4012 aliis,

115 4040 183 4105 sub
205 4044 295 4105 certa
317 4039 431 4117 forma,
454 4038 604 4103 dedimus
627 4037 749 4102 litteris
772 4037 808 4101 in
832 4035 1007 4108 mandatis,
1030 4041 1070 4098 ut
1093 4057 1173 4099 eun-

115 4143 196 4208 dem
219 4140 400 4207 Dominum
422 4138 724 4224 Archiepiscopum,
748 4159 790 4201 ex
814 4140 908 4222 parte
930 4143 1053 4212 nostra,
1076 4157 1173 4200 cano-

116 4243 194 4308 nice
232 4246 267 4306 et
303 4239 521 4328 peremptorie
560 4239 747 4316 moneretis,
788 4259 848 4302 seu
893 4242 1043 4301 moneret
1088 4235 1174 4302 alter

116 4349 276 4420 vestrum,
300 4349 340 4408 ut
362 4343 452 4408 infra
474 4341 557 4408 certi
580 4341 738 4426 temporis
768 4339 914 4426 spatium
937 4343 1020 4403 tunc
1042 4360 1173 4424 expres-

117 4469 203 4526 sum,
223 4445 294 4531 jam
318 4445 377 4510 diu
409 4449 461 4510 est
483 4442 640 4528 elapsum,
665 4441 705 4506 de
740 4441 831 4506 dicta
853 4461 983 4504 summa
1016 4442 1173 4526 pecuniae,

116 4550 246 4634 inqua
279 4569 338 4634 per
358 4568 419 4614 nos
454 4552 494 4611 ut
528 4545 745 4632 praemittitur
779 4544 897 4608 extitit
918 4543 1066 4630 legItime
1097 4565 1174 4610 con·

117 4653 331 4737 dampnatus,
365 4649 490 4715 eisdem
523 4646 687 4733 religiosis
727 4651 954 4731 competenter
985 4646 1173 4713 satisfacere

538 4907 545 4939 ¹
564 4899 694 4972 incertam,
707 4906 764 4958 MS.

925 5003 950 5051 fi
969 5004 991 5050 Κ
1015 4994 1035 5052 2
