3309 5859
430 904 473 972 90
868 917 1005 967 {sutum

427 1117 510 1164 nous
545 1101 589 1186 vj.
623 1102 733 1178 soudz,
756 1103 786 1166 le
809 1103 886 1188 quei
918 1104 1018 1168 dener
1052 1124 1134 1167 nous
1173 1123 1281 1176 sumes
1320 1107 1409 1187 ptest
1439 1097 1478 1162 de

427 1223 531 1287 puyer
551 1225 573 1269 s
595 1225 678 1269 vous
708 1203 849 1270 ohesoun
880 1225 931 1270 sn,
981 1205 1024 1270 Et
1054 1204 1121 1271 eolo
1157 1210 1314 1290 euqueste
1348 1211 1398 1268 est
1428 1223 1477 1265 re·

429 1314 523 1369 toruo
554 1327 594 1370 en
630 1307 874 1386 Chaueeilerie;
898 1330 965 1372 mos
1004 1307 1050 1372 ies
1089 1309 1251 1374 Gsiuiiens
1289 1307 1330 1371 de
1368 1311 1478 1370 vostre

429 1412 528 1491 giuut
558 1408 623 1471 sessi
656 1430 698 1472 ne
731 1409 870 1474 voillent
905 1416 1024 1474 mettre
1056 1410 1123 1476 cele
1155 1409 1260 1496 petite
1294 1429 1405 1471 meson
1437 1427 1479 1468 en

431 1519 538 1574 vostre
554 1511 685 1576 ehurtre
701 1535 741 1597 qe
758 1534 840 1578 vous
856 1535 939 1578 nous
960 1537 1042 1580 avez
1062 1506 1212 1600 grnunte,
1225 1535 1305 1578 sauz
1327 1509 1478 1597 especioll

429 1615 715 1679 commomlement
737 1617 777 1680 de
801 1638 902 1694 vous3
926 1623 960 1682 et
983 1640 1045 1704 pur
1068 1639 1132 1691 ceo,
1149 1615 1307 1681 tuesohier
1331 1615 1480 1700 Seignm,

428 1737 511 1780 nous
534 1739 616 1781 vous
640 1718 771 1804 puioum,
794 1741 858 1804 pur
880 1719 1009 1784 lumour
1032 1719 1129 1785 Suiut
1161 1718 1312 1795 Thomas,
1335 1740 1375 1802 qe
1399 1739 1481 1780 vous

429 1817 517 1904 pleso
558 1819 733 1884 contundet
773 1841 816 1886 ou
858 1822 927 1886 <litu
957 1821 1117 1886 Gurdiens
1156 1821 1198 1885 de
1235 1827 1344 1884 vostre
1383 1829 1482 1906 grant

427 1921 495 1985 sesi
526 1943 567 2006 qe
599 1921 667 2004 ilis)
700 1929 843 1988 mettent
873 1924 939 1989 cele
971 1925 1074 2011 petite
1113 1946 1249 1988 iuesoun
1288 1945 1330 1988 en
1370 1929 1480 1988 vostre

428 2022 558 2088 chestre
581 2046 621 2109 qe
645 2044 727 2088 vous
749 2045 834 2088 noos
864 2047 945 2090 svez
975 2032 1125 2112 graunte,
1148 2047 1268 2112 ovesqe
1304 2025 1350 2089 ies
1382 2023 1481 2090 altres

427 2131 615 2190 tenemento
638 2149 678 2212 qe
701 2143 784 2191 nous
807 2149 922 2192 uvoms
946 2129 1119 2214 purohsoie
1148 2150 1209 2216 par
1233 2133 1343 2194 vostre
1368 2149 1480 2212 conge,

429 2250 491 2315 pur
514 2229 547 2294 lu
569 2237 787 2294 sustenuunoe
811 2229 852 2296 de
876 2231 922 2294 les
947 2231 1016 2296 ditz
1039 2237 1188 2320 prestms.

435 2418 650 2428 ..—.—----n
657 2417 935 2428 ›a———ffi—
944 2419 1479 2431 ———---·.--·--·-——-——·—

489 2607 771 2674 titt—Sueuosm
794 2605 930 2669 Tuosne
953 2617 1019 2666 suu
1042 2600 1148 2674 Reus,
1173 2614 1359 2664 usnemun
1383 2615 1428 2665 us

855 2707 1065 2772 OHARTHAM.

380 2848 386 2858 Ι
479 2887 662 2959 Univemis,
679 2894 738 2952 eto.
778 2885 922 2951 Thomas
937 2883 1047 2948 dietus
1062 2888 1117 2948 ete
1133 2882 1224 2968 Reye
1240 2883 1282 2946 de
1299 2881 1484 2949 Chosthsm

259 2943 405 3080 &iffi
434 2993 585 3057 salutem.
641 2990 727 3055 Cum
750 2989 921 3054 auditores
944 2985 1088 3072 compoti
1113 2985 1331 3049 Domiuomm
1357 2984 1483 3051 Prioris

257 3079 405 3196 ffissgffi
434 3103 469 3160 et
501 3093 697 3158 Conventus
737 3091 892 3157 Ecclesiae
926 3088 1052 3154 Christi
1085 3087 1337 3154 Contusriensis
1378 3111 1486 3176 nuper

258 3195 715 3282 andanumtsoelumpuiussent
737 3215 789 3257 me
812 3213 911 3279 super
933 3195 1121 3278 compotum
1146 3211 1255 3254 meum
1279 3193 1419 3256 uuunerii
1441 3194 1484 3258 de

260 3279 405 3409 ww
435 3296 700 3373 Charthan1‚de-
727 3296 869 3360 diversis
901 3293 1042 3379 injuriis,
1065 3292 1204 3368 damnis,
1232 3291 1431 3372 ‹inseetibus,
1448 3303 1484 3362 et

258 3421 304 3463 ter.
435 3398 759 3485 transgressionibus
782 3396 951 3483 praedietis
975 3395 1082 3459 Puiori
1114 3399 1149 3458 et
1173 3392 1364 3460 Conventui
1386 3395 1483 3461 foetis

433 3510 581 3588 tempore
620 3521 685 3585 quo
722 3499 773 3564 fui
812 3500 848 3563 iu
885 3497 1026 3563 servicio
1064 3497 1219 3582 ipsorum,
1251 3503 1286 3562 et
1321 3497 1480 3564 bonorum

432 3627 566 3670 suorum
589 3609 739 3689 receptor
774 3601 809 3665 in
833 3600 921 3666 dloto
955 3599 1102 3664 manerio
1128 3621 1187 3663 suo
1211 3599 1252 3664 de
1276 3597 1483 3682 chartham

431 3734 499 3800 ego,
523 3710 638 3776 volens
672 3730 818 3795 quoerere
843 3714 876 3772 et
909 3705 1031 3772 habere
1053 3705 1196 3792 glutiam
1220 3712 1255 3770 et
1285 3706 1483 3773 benevolen-

431 3817 513 3881 tium
536 3813 770 3900 predictorum
795 3810 918 3876 Prioris
949 3815 984 3874 et
1007 3807 1213 3884 Conventus,
1235 3809 1399 3874 submitto
1430 3833 1482 3876 me

431 3941 489 4005 per
512 3920 692 4002 pneseutes
725 3914 767 3978 de
790 3913 860 3978 alto
883 3918 917 3977 ot
947 3912 1044 3976 bosso
1067 3910 1246 3987 voluntati,
1269 3911 1482 3991 ordinationi,

431 4027 465 4084 et
488 4017 628 4083 arbitrio
652 4015 817 4080 dictorum
842 4013 965 4078 Prioris
987 4017 1023 4077 et
1038 4011 1242 4087 Conventus,
1266 4013 1307 4076 de
1330 4013 1481 4079 omuibus

431 4117 624 4208 hujusmodi
659 4115 800 4202 injuriis,
822 4114 985 4201 dampnis,
1008 4112 1201 4190 defectibus,
1233 4119 1269 4177 ot
1301 4119 1482 4201 transgres-

431 4222 588 4298 sionibus,
624 4241 682 4306 por
719 4239 772 4282 me
811 4216 933 4282 eisdem
972 4215 1069 4280 fectis
1107 4221 1142 4280 et
1186 4215 1290 4280 illotis
1337 4231 1481 4305 tempore

430 4323 629 4413 supradicto.
691 4321 735 4386 Et
780 4319 891 4405 obligo
937 4340 989 4384 me
1028 4323 1142 4383 tenore
1186 4320 1401 4404 praesentium
1439 4323 1481 4386 od

431 4424 700 4494 satisfaciendum
733 4422 857 4486 eisdem
890 4442 988 4508 super
1020 4421 1174 4485 omnibus
1212 4423 1399 4507 premissis,
1433 4446 1482 4488 se·

430 4530 577 4597 eundum
611 4525 867 4600 ordinationem,
901 4522 1165 4599 estimationem,
1204 4530 1239 4589 et
1276 4525 1482 4590 taxationem

430 4635 584 4719 ipsorum.
632 4631 673 4694 In
696 4628 799 4712 cujus,
824 4633 885 4692 ote.
