3309 5859
415 892 457 956 56
858 905 998 958 tirsus.

413 1094 509 1160 bonis
530 1094 780 1183 quibuscunque
802 1097 952 1183 praedicti
985 1095 1122 1164 Domini
1146 1094 1402 1182 Arcbiepisoopi,
1427 1095 1460 1156 at

413 1199 454 1263 de
499 1199 594 1264 bonis
630 1199 781 1285 Magistri
821 1197 991 1265 Michaelis
1024 1199 1065 1266 de
1103 1199 1263 1265 Bercham
1301 1196 1461 1271 defuncti,

414 1303 638 1369 cocnecuton's
660 1303 852 1368 wsmnenti
877 1301 1036 1388 predicti,
1051 1321 1110 1390 per
1124 1319 1351 1388 quemcunque
1365 1296 1461 1363 nobis

331 1399 337 1409 ’
415 1405 573 1482 liberatis,
596 1405 650 1470 vel
684 1405 826 1481 traditis,
862 1427 918 1469 seu
953 1425 1053 1491 penes
1075 1423 1136 1470 noe
1158 1403 1325 1492 depositis,
1348 1401 1403 1466 vel
1425 1400 1461 1464 in

414 1508 566 1574 custodie
601 1507 752 1573 dimissis
806 1505 857 1572 De
903 1507 1023 1593 quibus
1057 1511 1191 1573 centum
1226 1504 1349 1592 viginti
1387 1507 1460 1568 octo

236 1620 275 1668 ιιι
288 1628 361 1669 notes
414 1609 507 1674 libris
529 1609 651 1696 viginti
683 1617 718 1674 et
739 1607 847 1674 tribus
879 1609 1024 1674 denariis
1046 1609 1240 1696 pradictum
1264 1605 1459 1693 Magistrum

242 1685 345 1736 Μ
416 1711 618 1776 Willelmum
650 1711 799 1797 quietum
838 1711 1024 1777 clamamus.
1072 1711 1117 1776 Et
1139 1713 1167 1774 si
1190 1711 1302 1796 aliqua
1339 1709 1462 1773 inem·

243 1753 377 1868 iiniilulrher
414 1821 533 1891 menta
557 1815 737 1901 scripturae,
749 1813 804 1880 vel
819 1813 1018 1891 indenturae,
1034 1813 1074 1880 de
1099 1813 1194 1879 bunis
1209 1814 1460 1900 quibuscunque

245 1885 376 1935 securities
508 1919 515 1931 .
732 1919 738 1932 .
1112 1915 1119 1930 .
1187 1917 1193 1930 .

243 1951 319 2017 being
330 1969 390 2002 can-
414 1918 646 2002 praedrotorum
680 1917 918 1992 defunctorum,
941 1917 994 1982 vel
1025 1917 1161 1982 alterius
1185 1937 1339 2002 ipsorum,
1362 1933 1461 2000 penes

242 2019 365 2133 epernay
414 2043 474 2084 uos
496 2019 647 2106 deposita
671 2019 724 2084 vel
746 2019 783 2082 in
805 2020 956 2084 custodia
988 2019 1122 2084 dimissa
1145 2041 1203 2104 per
1225 2035 1461 2104 quemcunque,

241 2092 357 2200 ininiil'
413 2123 628 2209 imposterum
650 2123 776 2188 alicubi
798 2129 989 2210 appareant,
1015 2143 1118 2189 vacua
1140 2123 1217 2200 sint,
1241 2128 1276 2187 et
1298 2121 1402 2196 irrita,
1426 2123 1461 2185 ot

413 2248 473 2312 pro
504 2225 605 2289 nullis
637 2227 771 2311 penitus
805 2224 997 2290 habeantur.
1060 2225 1101 2290 In
1136 2243 1276 2310 quorum
1310 2223 1459 2288 omnium

413 2327 639 2394 testimonium
684 2350 753 2405 nos,
790 2327 954 2394 Hebrique
1000 2327 1096 2392 Prior
1141 2327 1294 2393 Ecclesiae
1333 2323 1461 2392 Christi

412 2431 562 2516 praedicti
585 2437 619 2493 et
642 2452 702 2515 ego
736 2429 922 2494 Willelmus
954 2434 1109 2496 executor
1139 2429 1347 2516 supradictus
1381 2426 1460 2491 huic

412 2533 534 2618 scripto
557 2531 730 2596 indentato
745 2531 855 2617 sigilla
876 2535 991 2596 nostra
1012 2529 1225 2616 apposuimus
1260 2529 1459 2595 alternatim.

410 2638 499 2702 Acte
520 2641 554 2698 rt
576 2634 656 2699 data
677 2633 767 2721 apud
790 2632 1036 2710 Godmersbam,
1052 2633 1226 2699 undecimo
1250 2631 1302 2697 die
1324 2633 1460 2698 Decem·

412 2739 488 2815 bris,
504 2759 591 2803 anno
613 2737 749 2803 Domini
771 2753 870 2804 uoco.
893 2736 1049 2803 vicesimo
1073 2737 1188 2823 primo.

266 3071 294 3118 u
307 3067 369 3118 Μ,
412 3030 706 3098 60.-Raseous1o
728 3050 776 3099 an
799 3049 973 3102 umnam
995 3034 1147 3100 neuris
1170 3050 1217 3099 na
1240 3031 1456 3100 Ιιιιιιιιιιιοιιιι

281 3140 353 3185 ¹³²¹·
523 3153 564 3201 ar
597 3153 724 3200 uorum
749 3135 799 3200 W.
824 3153 870 3202 nn
898 3135 977 3200 Dru
1005 3151 1141 3214 nimiis,
1172 3153 1238 3201 rao
1262 3153 1458 3204 nuntiamus

253 3272 285 3322 L,
299 3277 343 3323 η,
358 3272 381 3323 ὁ,
523 3253 673 3303 aauams
705 3254 895 3304 urinanms
925 3254 1063 3304 noaino
1095 3237 1184 3304 Reor
1215 3255 1262 3304 nn
1283 3253 1458 3306 comesu

525 3339 631 3406 Knur.

236 3530 347 3580 alesta
358 3530 388 3578 of
453 3505 604 3571 Salutem
638 3525 738 3591 quam
765 3505 837 3569 sibi.
885 3505 992 3592 Super
1024 3503 1187 3592 hiisque
1221 3505 1317 3571 nobis
1350 3525 1457 3596 nuper

236 3612 345 3712 {2¹22ng
407 3609 592 3693 scripsistis,
631 3607 764 3672 videtur
804 3608 892 3693 quod
940 3607 1113 3672 consilium
1150 3607 1240 3673 illius
1277 3609 1388 3696 magni
1422 3614 1457 3676 et

235 3728 349 3778 thecua
407 3711 529 3776 nobilis
557 3710 632 3787 viri,
664 3711 794 3795 dequo
832 3709 929 3776 nobis
962 3711 1087 3775 fecistis
1118 3711 1155 3775 in
1178 3711 1299 3776 vestris
1334 3711 1456 3778 litteris

232 3794 326 3912 {132th
328 3812 351 3910 (ξ
407 3812 618 3887 mencionem,
646 3811 811 3896 ydoneum
837 3817 888 3876 eat
914 3817 948 3877 et
986 3812 1188 3899 sequendum
1230 3833 1306 3880 aum
1342 3833 1483 3901 aucep·-

236 3931 310 3977 neoc
322 3945 354 3977 on
407 3915 535 3981 tuciono
558 3914 696 3979 Domini
719 3913 977 4001 Archiepisoopi.
1034 3915 1222 3981 Praesertim
1252 3915 1331 4002 quie
1368 3915 1455 3982 idem

234 3995 388 4126 {ffiffih
409 4018 530 4082 nobilis
554 4017 589 4080 in
613 4015 728 4080 arduis
751 4017 894 4102 negotiis
918 4023 951 4082 et
974 4016 1141 4104 perplexis
1166 4018 1325 4102 providus
1348 4024 1400 4083 est
1421 4023 1454 4083 et

235 4128 389 4179 ofmldien.
406 4119 672 4203 circumspectae,
696 4137 735 4181 ac
760 4117 968 4182 voluntatem
992 4118 1118 4183 domini
1141 4117 1249 4204 Regia,
1266 4124 1300 4184 et
1323 4139 1455 4184 causam

405 4220 564 4285 instantis
587 4219 807 4305 aggressionis
829 4220 881 4283 sui
904 4219 1035 4285 itineris
1052 4241 1167 4285 versus
1181 4219 1363 4288 marchiam
1386 4239 1453 4309 pra

406 4325 533 4390 ceteris
567 4323 660 4408 regni
692 4321 808 4386 incolis
843 4323 948 4408 magis
986 4323 1091 4402 novit,
1124 4329 1158 4389 et
1191 4325 1295 4410 ipsius
1317 4323 1454 4390 Domini

406 4426 516 4511 Regis,
540 4423 628 4509 quod
650 4423 748 4498 absit,
770 4424 927 4488 offensam
965 4426 1028 4490 soit
1050 4431 1084 4491 et
1120 4431 1230 4513 potest
1254 4427 1452 4511 quamcitius

407 4527 582 4591 moderare
642 4525 761 4589 Valeat
795 4526 882 4590 siout
904 4525 1014 4591 valere
1048 4527 1208 4592 vellemus
1241 4527 1277 4592 in
1309 4526 1451 4594 Christo.

407 4629 531 4694 Datum
545 4627 606 4691 sub
623 4627 732 4714 sigillo
754 4634 869 4693 nostro
885 4627 1019 4714 privato
1035 4629 1149 4714 xvijeo
1164 4629 1217 4694 die
1241 4629 1437 4696 Decembris
