3309 5859
672 1161 986 1228 21.4.—Pnorrcrro
1010 1178 1189 1228 serenare.

229 1389 338 1452 Aroyst
447 1377 640 1455 Edwardus,
674 1385 733 1442 etc.
781 1378 953 1456 Omnibus,
985 1384 1044 1443 etc.
1104 1379 1188 1444 Cum
1223 1380 1463 1464 progenitores

231 1457 388 1586 :9525ssme
400 1479 511 1556 nostri,
544 1479 710 1564 quondam
744 1502 837 1565 reges
869 1480 999 1567 Anglim
1033 1479 1188 1560 illustres
1211 1479 1247 1544 in
1283 1480 1389 1546 fundo
1421 1486 1461 1544 el

231 1588 327 1639 tectior
400 1581 616 1646 fundamento
649 1583 766 1668 palatii
800 1583 849 1646 sui
875 1583 1002 1669 regalis,
1027 1582 1206 1648 Ecclesiam
1231 1583 1464 1649 Cantuarien-

231 1656 304 1719 given
319 1660 360 1713 (or
766 1685 773 1698 ·
915 1685 921 1698 .
1189 1685 1195 1698 .
1235 1685 1241 1698 .
1349 1687 1356 1700 .

230 1721 386 1785 wuegiven)
400 1706 469 1747 sem
502 1685 730 1750 fundaverunt
764 1707 800 1748 rn
834 1707 965 1750 nomme
998 1685 1080 1750 Jesu
1116 1683 1254 1756 Chrrstn
1277 1692 1311 1750 et
1347 1707 1461 1771 rpsam

231 1787 361 1901 tpt'hrpt
401 1785 580 1850 Ecclesiam
606 1792 643 1849 ut
666 1786 701 1849 in
724 1785 862 1850 liberam
888 1809 1005 1872 puram
1028 1795 1063 1851 et
1085 1792 1280 1873 perpetuam
1304 1787 1463 1852 elemosi-

231 1857 364 1970 iffifisse
400 1907 478 1950 nam
500 1888 540 1952 ue
563 1889 654 1972 regia
669 1889 899 1954 munificentia
916 1889 1128 1970 dotaverunt,
1143 1888 1294 1954 faciendo
1318 1887 1461 1955 Christo

232 1988 339 2105 illidii
401 1995 436 2052 et
473 1990 537 2054 toti
569 1991 701 2055 Sanctae
734 1989 893 2055 Trinitati
932 2013 991 2077 pro
1029 1991 1109 2076 ipsis
1148 1990 1382 2056 fundatoribus
1420 1997 1461 2055 et

231 2124 314 2170 words
326 2119 351 2168 in
403 2113 515 2156 eorum
539 2091 649 2156 liberis
672 2093 810 2158 servitia
841 2093 1029 2178 spiritualia
1052 2099 1086 2158 et
1109 2093 1268 2159 sacrificia
1295 2091 1461 2158 salutaria

232 2188 381 2304 affl&
405 2197 614 2271 incessanter,
638 2196 761 2281 absque
797 2196 909 2282 aliquo
945 2218 1041 2261 onere
1065 2195 1117 2260 vel
1154 2197 1290 2262 servitio
1321 2196 1461 2260 seculari

230 2321 363 2370 anuoffiee
405 2297 654 2384 quibuscunque
687 2299 882 2363 mortalibus
917 2298 1171 2384 impendendis3
1209 2320 1269 2362 nos
1297 2297 1462 2362 fundator

229 2389 385 2502 ffiffihm
406 2413 439 2466 et
461 2407 621 2486 patronus
645 2401 797 2466 Ecclesiae
822 2400 949 2466 Christi
972 2399 1147 2487 praedicte,
1172 2400 1214 2464 ob
1249 2401 1460 2465 devotionem

235 2520 366 2568 usserium
407 2525 506 2588 quam
530 2506 675 2588 gerimus
699 2503 742 2567 ud
766 2503 980 2568 Benedictam
1004 2503 1213 2578 Trinitatem,
1236 2504 1336 2567 etad
1358 2503 1462 2588 glori-

234 2587 380 2714 ξξζζέζῗθ,
407 2628 499 2670 osum
523 2614 704 2690 martyrem
727 2606 897 2682 Thomam,
913 2607 1007 2690 cujus
1022 2627 1139 2691 corpus
1162 2606 1198 2669 in
1214 2605 1303 2670 dicta
1325 2605 1461 2670 ecelesia

235 2720 309 2768 viour
404 2708 587 2793 requiescit,
610 2710 812 2793 suscepimus
835 2709 871 2772 in
906 2707 1145 2795 protectionem
1168 2712 1202 2772 et
1225 2707 1452 2772 defensionem

233 2789 373 2915 ffliffp,
403 2817 549 2875 nostram
583 2811 757 2895 specialem
792 2811 929 2876 dilectos
964 2812 1060 2876 nobis
1084 2811 1119 2875 in
1143 2809 1277 2875 Christo
1301 2809 1454 2874 Priorem

234 2919 358 2985 peartmt
405 2924 439 2978 et
470 2911 681 2977 Conventum
706 2913 858 2978 Ecclesiae
892 2913 1028 2991 Christi,
1061 2913 1220 2990 homines
1256 2919 1368 2989 terras,
1391 2935 1454 2990 ree,

235 2989 378 3104 mipene
404 3016 564 3092 redditus,
589 3021 623 3080 et
658 3036 771 3080 ornnes
793 3018 1013 3100 possessiones
1037 3037 1121 3081 suas.
1168 3015 1212 3080 Et
1243 3015 1456 3101 prohibemus

236 3135 381 3198 senopem
405 3119 466 3183 sub
503 3118 598 3205 gravi
635 3117 848 3183 forisfactura
885 3120 1011 3204 nequis,
1044 3119 1134 3183 infra
1171 3117 1360 3183 libertatem
1399 3117 1454 3184 vel

236 3187 356 3304 iiiiii?
403 3227 506 3298 extre,
530 3222 572 3285 de
606 3221 763 3306 personis,
787 3221 893 3298 rebus,
918 3221 971 3286 vel
1004 3222 1101 3286 bonis
1132 3220 1310 3286 mobilibus
1334 3224 1369 3285 et
1392 3221 1453 3284 im-

234 3328 392 3437 ffiepguld
403 3323 582 3388 mobilibus
615 3322 789 3407 praedictis,
822 3323 947 3408 absque
982 3323 1116 3409 speciali
1148 3327 1313 3408 praeeepto
1342 3327 1454 3387 nostro

234 3456 326 3504 boone
404 3448 439 3489 se
475 3425 689 3502 intromittat,
727 3425 780 3489 vel
818 3425 861 3489 ad
900 3445 973 3490 eam
1006 3447 1123 3490 manus
1157 3426 1307 3511 imponat
1339 3429 1454 3490 contra

236 3520 393 3650 pglt’ffiffiss
405 3529 612 3595 voluntatem
636 3528 758 3593 Prioris
781 3546 816 3593 et
840 3529 1031 3595 Conventus
1048 3528 1201 3594 Ecclesiae
1224 3527 1350 3594 Christi
1374 3550 1455 3614 prae-

236 3653 327 3704 forhir
405 3633 511 3697 dietae.
557 3632 633 3696 Dat.
658 3633 711 3697 &a

236 3721 364 3786 approvnl.

265 3855 374 3917 rehey
476 3827 481 3839 ¹

265 3925 369 3986 (1³27).
1028 3925 1031 3934 ·

412 3974 675 4040 tlh-Doumo
706 3973 831 4037 Peronr
865 3971 1043 4036 Eccumme
1080 3987 1222 4036 nosses
1261 3971 1458 4037 censuum-

238 4055 384 4108 (ἕω-ΔΜ·
491 4094 594 4141 ausrs.
641 4077 713 4139 Pare
736 4075 1048 4139 Auememscomm
1071 4072 1381 4140 olummmem.

237 4124 267 4176 C.
281 4129 345 4174 1294
358 4120 381 4170 b.

238 4272 321 4320 urch-
450 4243 625 4320 Walterus,
660 4241 875 4327 permissione
910 4239 1026 4304 divina
1057 4237 1306 4305 Cantuariensis
1341 4237 1455 4304 Archi-

237 4338 366 4454 }'nggssl'w
407 4347 586 4433 episcopus
610 4345 712 4408 totius
729 4343 861 4428 Angliae
870 4341 1014 4430 Primus,
1032 4342 1152 4407 dilecto
1175 4343 1210 4405 in
1233 4341 1367 4408 Christo
1388 4342 1456 4406 filio

241 4473 357 4519 Pressure
406 4448 549 4513 Domino
582 4446 625 4510 H.
660 4445 767 4509 Priori
792 4443 945 4510 Ecclesiae
978 4449 1100 4508 nostras
1133 4442 1259 4508 Christi
1283 4442 1457 4509 Cantuari-

237 4538 334 4598 having
405 4552 492 4615 ensis
524 4549 674 4623 salutem,
697 4545 849 4633 gratiam,
872 4550 906 4610 et
938 4546 1213 4610 benedictionem.
1260 4544 1348 4624 Quin
1371 4546 1457 4610 salu·

237 4606 362 4732 bilbilis
404 4654 497 4716 brius
522 4651 688 4716 seneimus
711 4669 844 4734 poenam
880 4647 1147 4734 delinquentium
1171 4647 1323 4733 mitigare
1357 4671 1454 4734 quam

237 4734 393 4851 ffiffied
405 4754 560 4820 sectando
578 4754 665 4838 juris
687 4752 829 4837 rigorem
852 4750 942 4815 ultre
965 4751 1099 4816 modum
1123 4749 1248 4827 seorim,
1263 4772 1305 4814 ne
1328 4751 1455 4815 timidis

236 4871 279 4921 ne
291 4868 385 4918 release
405 4861 466 4922 aut
502 4854 720 4920 formidolosis
762 4852 1001 4937 desperationis
1039 4857 1232 4938 praestemus
1271 4852 1455 4930 materiam,
