3309 5859
557 962 846 1015 consummares.
1179 941 1221 1013 47

169 1136 285 1203 eadem
318 1137 402 1204 villa
434 1138 521 1205 dono
553 1139 801 1226 progenitorum
836 1141 1024 1204 nostrorum
1057 1132 1222 1221 quondam
1236 1126 1355 1242 inepto}

170 1261 286 1326 regum
300 1242 431 1330 anglia
453 1244 491 1308 in
504 1265 588 1330 pura
610 1249 645 1309 et
666 1249 827 1330 perpetua
842 1241 1027 1312 elemosina,
1042 1239 1079 1304 in
1101 1257 1222 1304 escam·
1236 1199 1350 1310 ppptoyop·

170 1343 263 1408 bium
294 1366 354 1431 pro
385 1346 561 1432 sexaginta
599 1345 737 1411 libratas
769 1351 866 1411 terma
896 1343 1018 1410 eisdem
1050 1339 1156 1406 Priori
1189 1343 1223 1404 et
1236 1326 1339 1444 {3212le

174 1445 362 1513 Conventui
384 1446 466 1512 alibi
492 1449 678 1534 assignatis,
701 1470 761 1513 vos
784 1445 1054 1521 contributiones,
1077 1441 1396 1530 tallagiamurynaa

173 1553 208 1613 et
239 1549 416 1627 auxilia,a
449 1549 539 1617 dicto
561 1551 684 1628 Priore,
706 1551 748 1616 de
782 1549 935 1616 domibus
966 1554 1001 1614 et
1034 1547 1133 1633 kayis
1156 1545 1224 1611 suis
1237 1535 1312 1578 town.

173 1650 349 1738 praedictis,
371 1652 467 1718 vobis
488 1653 683 1740 praestanda,
706 1674 779 1739 quae
812 1641 901 1717 idem
924 1650 978 1716 vel
1009 1649 1227 1737 praedecessor

174 1755 226 1818 sui
248 1759 326 1832 ante
360 1756 559 1820 escambium
592 1756 789 1842 praedictum
822 1774 994 1841 uunquam
1024 1753 1130 1820 facere
1153 1773 1228 1818 con·

175 1863 364 1935 sueverunt,
386 1858 529 1944 exigitis,
553 1863 588 1923 et
602 1859 712 1944 ipsum
736 1857 884 1922 Priorem
908 1878 947 1922 ea
970 1855 1139 1922 occasione
1163 1855 1228 1920 dis-

174 1958 323 2046 tringitis
358 1965 393 2025 et
424 1959 654 2048 multipliciter
686 1960 883 2046 inquietatis
922 1960 1034 2024 minus
1067 1959 1170 2044 juste,
1192 1958 1229 2022 in

176 2062 279 2148 ipsius
302 2061 425 2127 Prioris
447 2063 658 2150 dispendium
693 2083 759 2127 uon
783 2062 949 2128 modicum
980 2065 1015 2126 et
1037 2082 1227 2148 gravamen.

177 2165 222 2229 Et
244 2167 322 2251 quia
343 2165 498 2231 nolumus
521 2167 609 2252 quod
628 2166 736 2230 eidem
752 2165 868 2243 Priori,
885 2165 1052 2230 occasione
1076 2164 1231 2231 escambii

179 2267 339 2355 praedicti,
362 2268 599 2355 praejudicetur
621 2269 658 2333 in
682 2267 745 2333 hsc
767 2273 885 2354 parte;
906 2269 1001 2334 vobis
1024 2269 1232 2355 praecipimus

180 2372 268 2456 quod
283 2371 325 2436 ab
340 2370 405 2435 hiis
420 2372 658 2449 exactionibus,
673 2370 945 2448 districtionibus,
962 2376 997 2436 ct
1019 2371 1234 2457 inquietatio·

180 2473 288 2552 nibus,
303 2473 411 2538 eidem
429 2474 532 2539 Priori
555 2473 723 2540 occasione
746 2473 907 2560 praedicta
929 2473 1119 2551 inferendis,
1133 2474 1234 2539 desis-

180 2581 299 2652 tentes,
321 2578 430 2663 ipsum
462 2577 574 2643 domos
609 2583 644 2642 et
665 2577 774 2663 kayas
804 2598 881 2642 suas
905 2577 1090 2663 praedictas,
1113 2578 1235 2663 absque

181 2681 489 2758 contributionibus,
512 2680 666 2768 tollagiis,
689 2685 724 2744 ct
757 2680 893 2745 auxiliis
926 2681 1021 2747 vobis
1051 2681 1130 2747 inde
1152 2703 1237 2767 prre·

182 2785 318 2862 standis,
342 2786 471 2872 quietas
505 2789 618 2850 tenere
640 2782 853 2870 permittatis,
877 2790 977 2870 prout
1001 2785 1072 2872 ipsc
1096 2788 1130 2850 ct
1152 2806 1236 2871 prae-

183 2888 359 2954 decessoris
381 2890 434 2952 sui
465 2887 616 2974 praedicti
650 2893 730 2952 ante
760 2887 963 2953 escambium
986 2889 1193 2974 praedictum,
1216 2909 1237 2956 a

182 2997 330 3078 ternpore
352 3012 418 3078 quo
452 2990 611 3056 memoria
633 3010 701 3055 non
725 2990 851 3067 existit,
874 3011 929 3056 eas
959 2985 1072 3056 tenere
1103 3012 1239 3057 consue·

184 3100 314 3159 verunt
375 3093 420 3158 Et
458 3093 708 3169 districtionem,
747 3093 877 3178 siquam
916 3093 1022 3158 eidem
1060 3093 1165 3159 Priori
1200 3115 1239 3159 ea

185 3199 352 3264 occasione
374 3196 527 3273 feceritis,
543 3195 613 3261 sine
637 3195 796 3263 dilatione
811 3196 970 3262 relaxetis
993 3196 1109 3265 eidem.
1140 3197 1238 3262 Teste

185 3302 311 3386 meipso
349 3300 437 3386 apud
477 3297 810 3364 westmonasterium
850 3300 928 3386 xiijo
959 3299 1013 3366 die
1045 3299 1127 3366 Maii
1151 3322 1239 3367 anno

186 3405 280 3490 regui
302 3404 408 3469 nostri
430 3401 555 3487 xiiijm0.

232 3506 288 3572 Ad
323 3505 415 3570 istud
448 3503 549 3570 breve
579 3504 756 3590 respondet
788 3505 940 3571 Ballivus
973 3507 1013 3572 de
1045 3505 1240 3594 Sandwyco,
1254 3523 1404 3574 Ratumen-

188 3609 281 3696 quod
318 3629 385 3674 non
423 3613 475 3672 est
513 3606 639 3672 sactum
677 3628 783 3683 suum,
807 3608 865 3673 sed
898 3609 1023 3675 factum
1047 3609 1183 3698 Majoris
1206 3619 1241 3679 et
1254 3591 1392 3706 {lffgssffitffi

188 3711 437 3779 communitatis
460 3709 501 3775 de
524 3708 730 3795 Sandwyco3
754 3715 789 3775 et
811 3710 887 3777 ideo
910 3712 1015 3778 nichil
1037 3713 1116 3780 inde
1130 3720 1242 3802 potest
1255 3735 1371 3786 Another

188 3815 306 3881 facere.
1255 3804 1376 3880 endem..

1254 3877 1399 3920 mentwnt-

235 3915 344 4000 Msjor
380 3918 416 3979 et
452 3913 673 3980 communitas
718 3914 759 3978 dc
798 3913 986 4003 Sandwyco
1032 3923 1240 4006 respondent,
1253 3935 1378 3986 tenwhen

189 4017 279 4104 quod
301 4015 392 4082 istud
426 4015 526 4079 breve
557 4036 626 4080 non
657 4014 813 4100 dirigitur
834 4017 915 4102 ipsis
953 4019 1070 4104 Mojcri
1097 4027 1132 4087 et
1153 4044 1240 4089 com·
1254 4002 1380 4118 ffiffi

190 4118 360 4196 munitati,
383 4117 441 4183 sed
474 4122 588 4182 tamen
620 4116 761 4183 Ballivis
793 4117 929 4183 Domini
961 4119 1061 4208 Regis
1094 4124 1134 4188 de
1158 4124 1241 4190 San·
1254 4135 1407 4200 improperly

193 4243 308 4308 wyco;
329 4225 364 4286 et
385 4219 461 4285 ideo
483 4217 586 4284 nichil
608 4218 734 4285 facient
757 4240 817 4306 pro
841 4221 935 4286 brevi
959 4223 1031 4289 isto.
1257 4205 1404 4333 {fiffissssr

1257 4335 1285 4384 ol
1297 4335 1377 4386 Sand-

1257 4400 1329 4452 wich.

240 4495 286 4561 Et
309 4495 384 4561 ideo
407 4494 502 4559 Prior
517 4493 766 4560 cantuariensis
789 4495 876 4580 petit
891 4497 1083 4576 remedium,
1106 4503 1141 4564 et
1157 4500 1246 4586 quod
1260 4494 1409 4611 Pfrflrfffoft

191 4599 360 4667 scribatur
391 4597 510 4684 Majori
548 4604 583 4662 et
620 4597 852 4662 communitati
891 4599 931 4664 de
966 4600 1153 4690 Sandwyco
1187 4576 1274 4691 per⁸
1303 4575 1330 4611 ω
1355 4575 1419 4612 wn.

192 4724 302 4768 unum
324 4701 444 4780 breve;
478 4704 520 4776 et,
553 4699 717 4776 similiter,
739 4700 881 4766 Ballivis
917 4701 1051 4768 Domini
1084 4705 1183 4794 Regis
1207 4709 1247 4774 de

193 4804 384 4891 Sandwyco
406 4822 466 4888 per
487 4800 579 4868 alind
601 4802 710 4880 breve,
729 4801 830 4888 juxta
841 4803 992 4870 ‘formam
1007 4806 1118 4874 brevis
1133 4831 1247 4897 supra.

193 4905 288 4974 dicti.
