3309 5859
449 813 515 878 512
899 828 1051 880 uirens

268 1007 421 1124 wilm*
444 1017 634 1104 specialiter
657 1017 850 1104 deputatus,
873 1017 1024 1082 salutem
1051 1015 1092 1080 in
1118 1013 1184 1100 qui
1208 1019 1261 1078 est
1281 1015 1423 1078 omnium
1445 1036 1508 1080 *ἐπ

269 1204 433 1322 {ww
447 1221 557 1286 minus
597 1229 717 1298 noster,
742 1221 907 1288 Dominus
942 1221 1130 1286 «Iohannes
1167 1220 1290 1283 divina
1318 1219 1503 1305 president-'s

270 1339 357 1452 emp
372 1347 400 1388 ro
447 1321 539 1410 Papa
576 1323 701 1410 xxijdu·
739 1345 873 1390 causam
911 1346 971 1390 seu
1010 1345 1147 1400 causas,
1189 1321 1415 1409 appellationis
1453 1345 1499 1386 sea

269 1420 401 1521 {alea
446 1425 718 1512 appellationum,
744 1435 778 1492 et
800 1427 928 1512 negotii
959 1425 1177 1512 principalis,
1202 1445 1282 1511 quae
1304 1425 1497 1497 vertebantur,

270 1537 328 1588 neu
340 1555 399 1588 een·
448 1550 506 1594 seu
530 1531 617 1594 verti
653 1529 882 1616 sperabantur,
905 1530 996 1594 inter
1027 1529 1215 1616 religiosos
1250 1529 1337 1592 viros
1360 1527 1494 1591 Abbaten

269 1618 370 1730 22:1⁰2„
383 1669 426 1722 ,he
447 1649 482 1696 et
506 1631 717 1698 conventum
743 1631 934 1697 Mouasterii
966 1631 1085 1698 Sancti
1122 1630 1318 1718 Augustini
1347 1629 1495 1696 emese-

270 1139 389 1204 Bntope,
445 1117 542 1184 salus.
590 1119 726 1184 Dudum
761 1121 993 1186 sanctissimus
1026 1123 1136 1206 pater
1169 1116 1209 1182 in
1244 1115 1370 1183 Christo
1403 1124 1435 1181 et
1460 1118 1504 1181 dn
1586 1106 1587 1117 ¹

271 1737 354 1786 Arch-
448 1735 544 1810 ensis,
566 1733 609 1800 ad
635 1733 817 1798 Romanam
833 1732 1023 1810 Eeelesiam,
1038 1733 1139 1798 nullo
1164 1733 1290 1808 medio,
1316 1732 1493 1819 perennes
1581 1806 1582 1821 ,

269 1802 409 1934 tvi-toppo!
447 1835 572 1900 ordinis
614 1835 730 1900 Sancti
776 1835 958 1911 Benedicti,
995 1856 1185 1921 eorumque
1226 1834 1386 1910 subditos,
1417 1855 1493 1920 pum

270 1936 422 2000 ninum
447 1937 592 2016 chianos,
616 1944 651 2002 et
673 1937 738 2003 sibi
762 1938 978 2015 udhaereutes,
1002 1959 1046 2004 ex
1069 1945 1171 2026 parte
1195 1959 1278 2015 una,
1302 1945 1338 2003 et
1367 1959 1491 2002 meren·

273 2003 344 2054 ¹⁵⁵⁹
356 2013 432 2054 ‘⁰⁸¹⁸'
447 2041 526 2106 dum
551 2042 587 2106 in
611 2037 747 2108 Christo
770 2045 897 2126 patrem
921 2039 1105 2106 Dominum
1122 2040 1317 2126 Symonem
1332 2039 1490 2126 Deigrat‘u

446 2141 720 2210 cantuariensem
746 2142 1036 2230 Archiepiscopum
1070 2165 1114 2207 ex
1149 2143 1272 2220 altera,
1296 2141 1391 2207 uobis
1418 2142 1489 2206 rudi-

446 2245 559 2324 endas,
582 2243 681 2310 simul
705 2243 758 2308 vel
782 2245 970 2330 separatim,
992 2243 1203 2330 simpliciter,
1229 2251 1266 2308 et
1289 2243 1333 2308 de
1354 2243 1488 2328 plsnoar

445 2349 517 2412 sine
552 2347 695 2434 strepitu
723 2345 904 2432 judiciario
937 2351 974 2410 et
1006 2347 1123 2432 figura,
1146 2367 1188 2412 ae
1212 2346 1285 2410 fine
1307 2346 1417 2410 debito
1438 2352 1487 2410 ter·

446 2451 628 2520 minandas.
651 2449 816 2515 commisit
838 2455 937 2534 prout
959 2449 994 2514 in
1017 2447 1225 2534 Apostolicis
1258 2447 1384 2513 litteris
1411 2469 1487 2534 super

445 2551 507 2618 hoo
539 2551 697 2618 consectis
732 2551 864 2639 plenius
894 2549 1107 2630 continetur3
1141 2572 1292 2636 quarum
1326 2551 1486 2615 littersrun

412 2733 419 2750 ·
447 2661 542 2718 tenor
564 2653 722 2740 seqnitur,
746 2653 781 2716 in
804 2651 875 2717 lraec
897 2651 1017 2717 verba:

269 2733 433 2849 ffi'iffffss
492 2755 665 2820 Bulla-J
668 2756 823 2830 ohannes,
862 2752 1053 2840 Episcopus,
1083 2774 1202 2818 servus
1238 2775 1411 2820 servornm
1431 2753 1485 2828 Dei,

270 2865 432 2942 eremmon
446 2857 566 2924 dilecto
590 2857 658 2921 filio
694 2855 854 2942 Magistro
887 2853 1015 2922 Icherio
1049 2855 1091 2919 de
1127 2855 1318 2922 concoreto
1342 2857 1484 2923 Canonim

272 2933 433 3048 {fiffissn
447 2959 697 3034 Suresburiensi‚
733 2958 875 3022 salutem
909 2963 945 3022 et
977 2955 1193 3043 apostolicam
1231 2957 1484 3022 benedictionem

271 3067 361 3128 merop
375 3065 425 3114 neu
447 3061 684 3148 significarunt
717 3060 812 3124 uobis
846 3059 958 3124 dilecti
995 3059 1057 3124 filii
1095 3058 1211 3124 Abbus
1243 3067 1280 3125 et
1315 3060 1484 3126 Conventus

270 3133 417 3263 {2552th
448 3163 640 3230 nonnum
677 3161 791 3228 Seuer
827 3160 1010 3247 Augustini
1034 3160 1296 3236 cantuariense,
1320 3162 1366 3226 ae
1387 3162 1484 3227 nene

271 3265 353 3316 ΜΘ
447 3289 524 3333 nam
548 3265 735 3340 Ecclesium,
754 3262 848 3328 nullo
870 3261 990 3340 medio,
1012 3261 1222 3348 pertinentia,
1245 3263 1377 3328 ordinis
1390 3262 1483 3328 Sancti

270 3329 403 3448 mppr
447 3367 629 3442 Benedicti,
652 3364 740 3451 quod
763 3364 842 3430 licet
863 3363 1100 3428 monesterium
1122 3363 1243 3450 ipsum,
1258 3385 1339 3430 cnm
1353 3364 1483 3429 omnibus

270 3463 418 3540 exempclpn
446 3469 602 3536 membris
635 3469 704 3533 suis
726 3487 748 3532 a
770 3475 919 3553 tempore
942 3465 1149 3530 fundationis
1171 3465 1290 3551 ipsine,
1312 3473 1351 3532 et
1371 3486 1393 3531 a
1418 3471 1481 3530 tern-

270 3531 426 3660 &xliiii
446 3593 524 3658 porc
546 3579 582 3636 et
604 3591 663 3656 per
686 3575 817 3654 tempus
850 3567 945 3653 cujus
966 3566 1124 3653 principii
1146 3568 1310 3632 memoria
1333 3567 1481 3632 hominen

268 3663 370 3716 &⁰⁶⁰2
445 3695 512 3738 uon
535 3672 663 3749 existit,
686 3669 751 3736 luit
774 3674 809 3734 et
840 3670 886 3735 sit
921 3690 980 3754 per
1013 3667 1170 3754 specialia
1203 3669 1386 3755 privilegia
1406 3668 1481 3734 sedis

445 3773 644 3860 Apostolieae
682 3775 875 3858 exemptum
911 3789 933 3834 a
966 3790 1174 3855 quacumque
1192 3769 1426 3855 jurisdictione
1454 3775 1480 3832 et

444 3883 608 3964 potestate
631 3873 811 3962 cujuslibet
835 3871 1015 3952 Ordinarii
1038 3876 1073 3936 et
1094 3872 1281 3957 pnesertirn
1318 3894 1377 3959 per
1397 3872 1481 3960 privi-

442 3981 564 4068 legium
589 4001 687 4066 super
703 3974 914 4062 exemptione
937 3974 1129 4060 hujusmodi
1151 3996 1212 4060 per
1226 3973 1335 4040 felicis
1356 3974 1480 4040 recorde-

442 4085 543 4149 tionis
575 4081 786 4148 Bonifacium
819 4100 940 4164 popam
973 4090 1095 4154 vrum,
1127 4077 1403 4162 praedeoessorem
1420 4099 1478 4143 nos·

441 4191 541 4262 trum,
564 4184 612 4248 eis
634 4202 834 4256 concessum,
857 4199 917 4264 pro
940 4201 974 4243 se
997 4182 1033 4242 et
1063 4177 1219 4242 omnibus
1242 4179 1401 4243 membris
1418 4179 1477 4254 suis,

440 4287 593 4360 eeclesiis,
631 4283 773 4372 capellis
808 4288 910 4367 atque
933 4280 1014 4346 loeis
1047 4285 1082 4344 et
1112 4279 1266 4365 personis
1297 4281 1478 4367 quibuslibet

440 4390 504 4454 eibi
527 4387 692 4472 subjectis,
727 4384 869 4450 ubilibet
900 4381 1112 4461 constitutis;
1143 4387 1270 4460 tamen,
1302 4383 1477 4448 renembilis

440 4491 543 4556 frater
565 4494 677 4554 noster
700 4486 827 4572 Syrnon
851 4482 1128 4568 Archiepiscopus
1152 4481 1416 4562 centuariensis,
1433 4483 1477 4570 qui

439 4613 529 4658 nune
552 4595 610 4666 est,
633 4589 797 4654 dictorum
820 4586 1072 4673 privilegiorum
1087 4589 1123 4649 et
1137 4588 1368 4674 exemptionis
1387 4587 1477 4674 hujus-

439 4694 527 4760 modi
566 4689 698 4778 pleuom
736 4693 771 4755 et
809 4686 1025 4754 sufficientem
1069 4685 1229 4754 notitiam
1268 4687 1406 4768 habens,
1434 4710 1476 4755 seu

1578 1882 1581 1967 l

1573 2330 1582 2579 ἑ
