<?xml version="1.0" encoding="UTF-8"?>
<!DOCTYPE html PUBLIC "-//W3C//DTD XHTML 1.0 Transitional//EN"
    "http://www.w3.org/TR/xhtml1/DTD/xhtml1-transitional.dtd">
<html xmlns="http://www.w3.org/1999/xhtml" xml:lang="en" lang="en">
 <head>
  <title>
</title>
<meta http-equiv="Content-Type" content="text/html;charset=utf-8" />
  <meta name='ocr-system' content='tesseract 3.04.00' />
  <meta name='ocr-capabilities' content='ocr_page ocr_carea ocr_par ocr_line ocrx_word'/>
</head>
<body>
  <div class='ocr_page' id='page_1' title='image "./literaecantuari01shepgoog_0149.png"; bbox 0 0 3309 5859; ppageno 0'>
   <div class='ocr_carea' id='block_1_1' title="bbox 436 933 1016 999">
    <p class='ocr_par' dir='ltr' id='par_1_1' title="bbox 436 933 1016 999">
     <span class='ocr_line' id='line_1_1' title="bbox 436 933 1016 999; baseline -0.022 0"><span class='ocrx_word' id='word_1_1' title='bbox 436 935 478 999; x_wconf 76' lang='lat'>46</span> <span class='ocrx_word' id='word_1_2' title='bbox 875 933 1016 986; x_wconf 77' lang='lat' dir='ltr'>aneon.</span> 
     </span>
    </p>
   </div>
   <div class='ocr_carea' id='block_1_2' title="bbox 295 1102 1496 1772">
    <p class='ocr_par' dir='ltr' id='par_1_2' title="bbox 437 1102 1496 1528">
     <span class='ocr_line' id='line_1_2' title="bbox 437 1102 1495 1200; baseline -0.026 -5"><span class='ocrx_word' id='word_1_3' title='bbox 437 1149 566 1194; x_wconf 91' lang='lat' dir='ltr'>morum</span> <span class='ocrx_word' id='word_1_4' title='bbox 605 1130 640 1191; x_wconf 88' lang='lat' dir='ltr'>et</span> <span class='ocrx_word' id='word_1_5' title='bbox 679 1122 833 1190; x_wconf 85' lang='lat' dir='ltr'>omnibus</span> <span class='ocrx_word' id='word_1_6' title='bbox 872 1118 948 1184; x_wconf 85' lang='lat' dir='ltr'>aliis</span> <span class='ocrx_word' id='word_1_7' title='bbox 986 1111 1194 1200; x_wconf 72' lang='lat' dir='ltr'><strong>calumpniis.</strong></span> <span class='ocrx_word' id='word_1_8' title='bbox 1255 1107 1300 1171; x_wconf 91' lang='lat' dir='ltr'>Et</span> <span class='ocrx_word' id='word_1_9' title='bbox 1339 1102 1495 1169; x_wconf 88' lang='lat' dir='ltr'>dominus</span> 
     </span>
     <span class='ocr_line' id='line_1_3' title="bbox 437 1207 1496 1318; baseline -0.026 -19"><span class='ocrx_word' id='word_1_10' title='bbox 437 1231 712 1318; x_wconf 79' lang='lat' dir='ltr'>Amhiepiscopus</span> <span class='ocrx_word' id='word_1_11' title='bbox 746 1223 870 1291; x_wconf 90' lang='lat' dir='ltr'>obtulit</span> <span class='ocrx_word' id='word_1_12' title='bbox 892 1223 939 1288; x_wconf 86' lang='lat' dir='ltr'>eis</span> <span class='ocrx_word' id='word_1_13' title='bbox 972 1221 1025 1285; x_wconf 87' lang='lat' dir='ltr'>die</span> <span class='ocrx_word' id='word_1_14' title='bbox 1057 1215 1223 1305; x_wconf 85' lang='lat' dir='ltr'>praedicto,</span> <span class='ocrx_word' id='word_1_15' title='bbox 1246 1230 1333 1276; x_wconf 89' lang='lat' dir='ltr'>anno</span> <span class='ocrx_word' id='word_1_16' title='bbox 1357 1207 1496 1272; x_wconf 87' lang='lat' dir='ltr'>Domini</span> 
     </span>
     <span class='ocr_line' id='line_1_4' title="bbox 439 1314 1495 1421; baseline -0.021 -18"><span class='ocrx_word' id='word_1_17' title='bbox 439 1335 597 1421; x_wconf 79' lang='lat' dir='ltr'>umcxxj,</span> <span class='ocrx_word' id='word_1_18' title='bbox 632 1332 787 1398; x_wconf 86' lang='lat' dir='ltr'>omnibus</span> <span class='ocrx_word' id='word_1_19' title='bbox 820 1327 1024 1414; x_wconf 85' lang='lat' dir='ltr'>computatis</span> <span class='ocrx_word' id='word_1_20' title='bbox 1062 1327 1098 1389; x_wconf 85' lang='lat' dir='ltr'>et</span> <span class='ocrx_word' id='word_1_21' title='bbox 1134 1318 1294 1394; x_wconf 86' lang='lat' dir='ltr'>allocatis,</span> <span class='ocrx_word' id='word_1_22' title='bbox 1332 1314 1495 1400; x_wconf 60' lang='lat' dir='ltr'>ccxvjat.</span> 
     </span>
     <span class='ocr_line' id='line_1_5' title="bbox 442 1434 808 1528; baseline -0.019 -21"><span class='ocrx_word' id='word_1_23' title='bbox 442 1439 500 1528; x_wconf 87' lang='lat' dir='ltr'>iiij.</span> <span class='ocrx_word' id='word_1_24' title='bbox 513 1461 538 1502; x_wconf 83' lang='lat' dir='ltr'>a.</span> <span class='ocrx_word' id='word_1_25' title='bbox 563 1435 597 1523; x_wconf 86' lang='lat' dir='ltr'>ij.</span> <span class='ocrx_word' id='word_1_26' title='bbox 612 1435 642 1502; x_wconf 78' lang='lat' dir='ltr'>cl.</span> <span class='ocrx_word' id='word_1_27' title='bbox 667 1434 808 1501; x_wconf 90' lang='lat' dir='ltr'>obolum.</span> 
     </span>
    </p>

    <p class='ocr_par' dir='ltr' id='par_1_3' title="bbox 295 1558 415 1624">
     <span class='ocr_line' id='line_1_6' title="bbox 295 1558 415 1624; baseline -0.017 -12"><span class='ocrx_word' id='word_1_28' title='bbox 295 1558 415 1624; x_wconf 70' lang='lat' dir='ltr'>stapris</span> 
     </span>
    </p>

    <p class='ocr_par' dir='ltr' id='par_1_4' title="bbox 318 1633 1466 1772">
     <span class='ocr_line' id='line_1_7' title="bbox 318 1633 390 1680; baseline -0.028 0"><span class='ocrx_word' id='word_1_29' title='bbox 318 1633 390 1680; x_wconf 79' lang='lat' dir='ltr'>mal.</span> 
     </span>
     <span class='ocr_line' id='line_1_8' title="bbox 468 1685 1466 1772; baseline -0.027 0"><span class='ocrx_word' id='word_1_30' title='bbox 468 1702 621 1772; x_wconf 71' lang='lat' dir='ltr'>aa-Dc</span> <span class='ocrx_word' id='word_1_31' title='bbox 642 1715 737 1767; x_wconf 73' lang='lat' dir='ltr'>novo</span> <span class='ocrx_word' id='word_1_32' title='bbox 761 1711 889 1764; x_wconf 81' lang='lat' dir='ltr'>srumo</span> <span class='ocrx_word' id='word_1_33' title='bbox 912 1685 1311 1758; x_wconf 59' lang='lat' dir='ltr'>ASSIGNANDO‘LEOE&#39;OBI</span> <span class='ocrx_word' id='word_1_34' title='bbox 1335 1697 1466 1748; x_wconf 66' lang='lat' dir='ltr'>aomo</span> 
     </span>
    </p>
   </div>
   <div class='ocr_carea' id='block_1_3' title="bbox 275 1764 420 1814">
    <p class='ocr_par' dir='ltr' id='par_1_5' title="bbox 275 1764 420 1814">
     <span class='ocr_line' id='line_1_9' title="bbox 275 1764 420 1814; baseline -0.034 0"><span class='ocrx_word' id='word_1_35' title='bbox 275 1766 346 1814; x_wconf 82' lang='lat' dir='ltr'>Cart.</span> <span class='ocrx_word' id='word_1_36' title='bbox 359 1764 420 1812; x_wconf 80' lang='lat' dir='ltr'>Ant.</span> 
     </span>
    </p>
   </div>
   <div class='ocr_carea' id='block_1_4' title="bbox 273 1827 1501 1952">
    <p class='ocr_par' dir='ltr' id='par_1_6' title="bbox 273 1827 1501 1952">
     <span class='ocr_line' id='line_1_10' title="bbox 273 1827 1501 1952; baseline -0.028 -6"><span class='ocrx_word' id='word_1_37' title='bbox 273 1833 304 1888; x_wconf 57' lang='grc' dir='ltr'>θ’</span> <span class='ocrx_word' id='word_1_38' title='bbox 318 1827 420 1882; x_wconf 59' lang='lat' dir='ltr'>lm</span> <span class='ocrx_word' id='word_1_39' title='bbox 490 1872 658 1938; x_wconf 89' lang='lat' dir='ltr'>Walterus</span> <span class='ocrx_word' id='word_1_40' title='bbox 695 1861 909 1952; x_wconf 76' lang='lat' dir='ltr'>permissione</span> <span class='ocrx_word' id='word_1_41' title='bbox 944 1857 1061 1922; x_wconf 90' lang='lat' dir='ltr'>divina</span> <span class='ocrx_word' id='word_1_42' title='bbox 1093 1852 1343 1918; x_wconf 83' lang='lat' dir='ltr'>Cantuariensis</span> <span class='ocrx_word' id='word_1_43' title='bbox 1382 1847 1501 1914; x_wconf 88' lang='lat' dir='ltr'>Archi·</span> 
     </span>
    </p>
   </div>
   <div class='ocr_carea' id='block_1_5' title="bbox 274 1951 1501 2064">
    <p class='ocr_par' dir='ltr' id='par_1_7' title="bbox 274 1951 1501 2064">
     <span class='ocr_line' id='line_1_11' title="bbox 274 1951 1501 2064; baseline -0.025 -18"><span class='ocrx_word' id='word_1_44' title='bbox 274 1974 432 2033; x_wconf 69' lang='lat' dir='ltr'>sueruulie</span> <span class='ocrx_word' id='word_1_45' title='bbox 446 1979 625 2064; x_wconf 86' lang='lat' dir='ltr'>episcopus,</span> <span class='ocrx_word' id='word_1_46' title='bbox 650 1971 755 2035; x_wconf 89' lang='lat' dir='ltr'>totius</span> <span class='ocrx_word' id='word_1_47' title='bbox 779 1964 911 2050; x_wconf 82' lang='lat' dir='ltr'>Angliae</span> <span class='ocrx_word' id='word_1_48' title='bbox 943 1959 1078 2034; x_wconf 83' lang='lat' dir='ltr'>Primos,</span> <span class='ocrx_word' id='word_1_49' title='bbox 1102 1955 1224 2022; x_wconf 90' lang='lat' dir='ltr'>dilecto</span> <span class='ocrx_word' id='word_1_50' title='bbox 1254 1954 1325 2018; x_wconf 87' lang='lat' dir='ltr'>filio</span> <span class='ocrx_word' id='word_1_51' title='bbox 1356 1951 1501 2017; x_wconf 89' lang='lat' dir='ltr'>Domino</span> 
     </span>
    </p>
   </div>
   <div class='ocr_carea' id='block_1_6' title="bbox 274 2042 1503 2165">
    <p class='ocr_par' dir='ltr' id='par_1_8' title="bbox 274 2042 1503 2165">
     <span class='ocr_line' id='line_1_12' title="bbox 274 2042 1503 2165; baseline -0.042 3"><span class='ocrx_word' id='word_1_52' title='bbox 274 2042 426 2165; x_wconf 56' lang='lat' dir='ltr'>duffii}</span> <span class='ocrx_word' id='word_1_53' title='bbox 447 2080 553 2148; x_wconf 84' lang='lat' dir='ltr'>Priori</span> <span class='ocrx_word' id='word_1_54' title='bbox 576 2073 732 2141; x_wconf 74' lang='lat' dir='ltr'>Ecclesiae</span> <span class='ocrx_word' id='word_1_55' title='bbox 749 2067 876 2136; x_wconf 81' lang='lat' dir='ltr'>Christi</span> <span class='ocrx_word' id='word_1_56' title='bbox 900 2059 1160 2135; x_wconf 84' lang='lat' dir='ltr'>Cantuariensis,</span> <span class='ocrx_word' id='word_1_57' title='bbox 1175 2057 1325 2136; x_wconf 68' lang='lat' dir='ltr'>salutm,</span> <span class='ocrx_word' id='word_1_58' title='bbox 1348 2054 1503 2142; x_wconf 85' lang='lat' dir='ltr'>gratiam,</span> 
     </span>
    </p>
   </div>
   <div class='ocr_carea' id='block_1_7' title="bbox 276 2157 1502 2250">
    <p class='ocr_par' dir='ltr' id='par_1_9' title="bbox 276 2157 1502 2250">
     <span class='ocr_line' id='line_1_13' title="bbox 276 2157 1502 2250; baseline -0.023 -3"><span class='ocrx_word' id='word_1_59' title='bbox 276 2191 333 2246; x_wconf 55' lang='grc' dir='ltr'>Μ]</span> <span class='ocrx_word' id='word_1_60' title='bbox 346 2179 394 2228; x_wconf 74' lang='lat'>¹¹²⁸</span> <span class='ocrx_word' id='word_1_61' title='bbox 447 2190 481 2250; x_wconf 90' lang='lat' dir='ltr'>et</span> <span class='ocrx_word' id='word_1_62' title='bbox 510 2179 782 2246; x_wconf 80' lang='lat' dir='ltr'>benedictionem.</span> <span class='ocrx_word' id='word_1_63' title='bbox 840 2171 923 2238; x_wconf 81' lang='lat' dir='ltr'>Cum</span> <span class='ocrx_word' id='word_1_64' title='bbox 963 2186 1077 2250; x_wconf 89' lang='lat' dir='ltr'>nuper,</span> <span class='ocrx_word' id='word_1_65' title='bbox 1108 2185 1150 2228; x_wconf 82' lang='lat' dir='ltr'>ex</span> <span class='ocrx_word' id='word_1_66' title='bbox 1189 2161 1287 2226; x_wconf 87' lang='lat' dir='ltr'>certis</span> <span class='ocrx_word' id='word_1_67' title='bbox 1326 2157 1434 2224; x_wconf 86' lang='lat' dir='ltr'>causis</span> <span class='ocrx_word' id='word_1_68' title='bbox 1466 2157 1502 2218; x_wconf 91' lang='lat' dir='ltr'>in</span> 
     </span>
    </p>
   </div>
   <div class='ocr_carea' id='block_1_8' title="bbox 277 2245 1504 2378">
    <p class='ocr_par' dir='ltr' id='par_1_10' title="bbox 277 2245 1504 2378">
     <span class='ocr_line' id='line_1_14' title="bbox 277 2245 1504 2378; baseline -0.029 -20"><span class='ocrx_word' id='word_1_69' title='bbox 277 2245 421 2378; x_wconf 52' lang='lat' dir='ltr'>ppepperppp</span> <span class='ocrx_word' id='word_1_70' title='bbox 447 2284 639 2352; x_wconf 89' lang='lat' dir='ltr'>visitatione</span> <span class='ocrx_word' id='word_1_71' title='bbox 663 2284 777 2343; x_wconf 87' lang='lat' dir='ltr'>nostra</span> <span class='ocrx_word' id='word_1_72' title='bbox 798 2275 835 2338; x_wconf 90' lang='lat' dir='ltr'>in</span> <span class='ocrx_word' id='word_1_73' title='bbox 859 2269 1006 2338; x_wconf 78' lang='lat' dir='ltr'>Ecclesia</span> <span class='ocrx_word' id='word_1_74' title='bbox 1032 2269 1146 2332; x_wconf 89' lang='lat' dir='ltr'>nostra</span> <span class='ocrx_word' id='word_1_75' title='bbox 1175 2263 1334 2350; x_wconf 66' lang='lat' dir='ltr'>praedicta</span> <span class='ocrx_word' id='word_1_76' title='bbox 1357 2259 1504 2326; x_wconf 75' lang='lat' dir='ltr'>exercita</span> 
     </span>
    </p>
   </div>
   <div class='ocr_carea' id='block_1_9' title="bbox 277 2363 1505 2475">
    <p class='ocr_par' dir='ltr' id='par_1_11' title="bbox 277 2363 1505 2475">
     <span class='ocr_line' id='line_1_15' title="bbox 277 2363 1505 2475; baseline -0.02 -23"><span class='ocrx_word' id='word_1_77' title='bbox 277 2381 404 2454; x_wconf 30' lang='lat' dir='ltr'>anum-¹</span> <span class='ocrx_word' id='word_1_78' title='bbox 447 2386 631 2475; x_wconf 81' lang='lat' dir='ltr'>compertis,</span> <span class='ocrx_word' id='word_1_79' title='bbox 655 2378 883 2448; x_wconf 83' lang='lat' dir='ltr'>ordinavimus</span> <span class='ocrx_word' id='word_1_80' title='bbox 919 2371 1006 2460; x_wconf 92' lang='lat' dir='ltr'>quod</span> <span class='ocrx_word' id='word_1_81' title='bbox 1034 2368 1163 2433; x_wconf 82' lang='lat' dir='ltr'>Lectori</span> <span class='ocrx_word' id='word_1_82' title='bbox 1194 2369 1304 2432; x_wconf 82' lang='lat' dir='ltr'>vestro</span> <span class='ocrx_word' id='word_1_83' title='bbox 1334 2366 1371 2428; x_wconf 89' lang='lat' dir='ltr'>in</span> <span class='ocrx_word' id='word_1_84' title='bbox 1403 2363 1505 2428; x_wconf 80' lang='lat' dir='ltr'>Sacra</span> 
     </span>
    </p>
   </div>
   <div class='ocr_carea' id='block_1_10' title="bbox 279 2446 1507 2577">
    <p class='ocr_par' dir='ltr' id='par_1_12' title="bbox 279 2446 1507 2577">
     <span class='ocr_line' id='line_1_16' title="bbox 279 2446 1507 2577; baseline -0.033 -12"><span class='ocrx_word' id='word_1_85' title='bbox 279 2446 436 2576; x_wconf 38' lang='lat' dir='ltr'>miggin</span> <span class='ocrx_word' id='word_1_86' title='bbox 450 2491 577 2577; x_wconf 78' lang='lat' dir='ltr'>Pagina</span> <span class='ocrx_word' id='word_1_87' title='bbox 599 2488 688 2551; x_wconf 90' lang='lat' dir='ltr'>locus</span> <span class='ocrx_word' id='word_1_88' title='bbox 721 2485 909 2566; x_wconf 89' lang='lat' dir='ltr'>competens</span> <span class='ocrx_word' id='word_1_89' title='bbox 941 2474 984 2540; x_wconf 87' lang='lat' dir='ltr'>ad</span> <span class='ocrx_word' id='word_1_90' title='bbox 1015 2469 1216 2537; x_wconf 88' lang='lat' dir='ltr'>studendum</span> <span class='ocrx_word' id='word_1_91' title='bbox 1246 2471 1343 2532; x_wconf 84' lang='lat' dir='ltr'>extra</span> <span class='ocrx_word' id='word_1_92' title='bbox 1365 2463 1507 2530; x_wconf 87' lang='lat' dir='ltr'>infirmi-</span> 
     </span>
    </p>
   </div>
   <div class='ocr_carea' id='block_1_11' title="bbox 279 2569 1507 2785">
    <p class='ocr_par' dir='ltr' id='par_1_13' title="bbox 279 2569 1507 2785">
     <span class='ocr_line' id='line_1_17' title="bbox 279 2569 1507 2712; baseline -0.044 -40"><span class='ocrx_word' id='word_1_93' title='bbox 279 2581 409 2712; x_wconf 51' lang='lat' dir='ltr'>ffijffi&#39;</span> <span class='ocrx_word' id='word_1_94' title='bbox 451 2595 574 2662; x_wconf 83' lang='lat' dir='ltr'>tarium</span> <span class='ocrx_word' id='word_1_95' title='bbox 596 2593 745 2655; x_wconf 85' lang='lat' dir='ltr'>vestrum</span> <span class='ocrx_word' id='word_1_96' title='bbox 775 2580 1018 2670; x_wconf 66' lang='lat' dir='ltr'>provideretur,</span> <span class='ocrx_word' id='word_1_97' title='bbox 1040 2571 1241 2660; x_wconf 78' lang='lat' dir='ltr'>quamcitius</span> <span class='ocrx_word' id='word_1_98' title='bbox 1264 2569 1424 2656; x_wconf 83' lang='lat' dir='ltr'>temporis</span> <span class='ocrx_word' id='word_1_99' title='bbox 1446 2587 1507 2652; x_wconf 86' lang='lat' dir='ltr'>op.</span> 
     </span>
     <span class='ocr_line' id='line_1_18' title="bbox 280 2673 1507 2785; baseline -0.036 -18"><span class='ocrx_word' id='word_1_100' title='bbox 280 2714 429 2766; x_wconf 66' lang='lat' dir='ltr'>demetur·</span> <span class='ocrx_word' id='word_1_101' title='bbox 452 2695 641 2785; x_wconf 84' lang='lat' dir='ltr'>portunitas</span> <span class='ocrx_word' id='word_1_102' title='bbox 664 2713 699 2755; x_wconf 88' lang='lat' dir='ltr'>se</span> <span class='ocrx_word' id='word_1_103' title='bbox 722 2687 858 2762; x_wconf 80' lang='lat' dir='ltr'>offeret3</span> <span class='ocrx_word' id='word_1_104' title='bbox 890 2704 928 2748; x_wconf 87' lang='lat' dir='ltr'>ac</span> <span class='ocrx_word' id='word_1_105' title='bbox 963 2676 1190 2744; x_wconf 84' lang='lat' dir='ltr'>intelleximus</span> <span class='ocrx_word' id='word_1_106' title='bbox 1213 2673 1302 2759; x_wconf 91' lang='lat' dir='ltr'>quod</span> <span class='ocrx_word' id='word_1_107' title='bbox 1324 2693 1385 2737; x_wconf 88' lang='lat' dir='ltr'>vos</span> <span class='ocrx_word' id='word_1_108' title='bbox 1418 2675 1507 2736; x_wconf 75' lang='lat' dir='ltr'>octo.</span> 
     </span>
    </p>
   </div>
   <div class='ocr_carea' id='block_1_12' title="bbox 281 2776 1509 2984">
    <p class='ocr_par' dir='ltr' id='par_1_14' title="bbox 281 2776 1509 2984">
     <span class='ocr_line' id='line_1_19' title="bbox 281 2776 1507 2908; baseline -0.028 -39"><span class='ocrx_word' id='word_1_109' title='bbox 281 2778 440 2908; x_wconf 48' lang='lat' dir='ltr'>Jffiffim</span> <span class='ocrx_word' id='word_1_110' title='bbox 456 2800 561 2866; x_wconf 88' lang='lat' dir='ltr'>decim</span> <span class='ocrx_word' id='word_1_111' title='bbox 584 2815 673 2861; x_wconf 88' lang='lat' dir='ltr'>nova</span> <span class='ocrx_word' id='word_1_112' title='bbox 705 2786 888 2856; x_wconf 86' lang='lat' dir='ltr'>diversoria</span> <span class='ocrx_word' id='word_1_113' title='bbox 921 2785 958 2848; x_wconf 89' lang='lat' dir='ltr'>in</span> <span class='ocrx_word' id='word_1_114' title='bbox 992 2781 1062 2846; x_wconf 93' lang='lat' dir='ltr'>loco</span> <span class='ocrx_word' id='word_1_115' title='bbox 1094 2776 1307 2843; x_wconf 84' lang='lat' dir='ltr'>studentibus</span> <span class='ocrx_word' id='word_1_116' title='bbox 1342 2778 1507 2860; x_wconf 91' lang='lat' dir='ltr'>oportuno</span> 
     </span>
     <span class='ocr_line' id='line_1_20' title="bbox 282 2875 1509 2984; baseline -0.027 -11"><span class='ocrx_word' id='word_1_117' title='bbox 282 2913 417 2967; x_wconf 67' lang='lat' dir='ltr'>menreb·</span> <span class='ocrx_word' id='word_1_118' title='bbox 454 2901 577 2969; x_wconf 84' lang='lat' dir='ltr'>fecistis</span> <span class='ocrx_word' id='word_1_119' title='bbox 608 2895 741 2984; x_wconf 88' lang='lat' dir='ltr'>parari;</span> <span class='ocrx_word' id='word_1_120' title='bbox 778 2889 932 2955; x_wconf 89' lang='lat' dir='ltr'>volumus</span> <span class='ocrx_word' id='word_1_121' title='bbox 965 2889 1000 2950; x_wconf 85' lang='lat' dir='ltr'>st</span> <span class='ocrx_word' id='word_1_122' title='bbox 1034 2881 1229 2948; x_wconf 87' lang='lat' dir='ltr'>mandamus</span> <span class='ocrx_word' id='word_1_123' title='bbox 1259 2876 1348 2963; x_wconf 93' lang='lat' dir='ltr'>quod</span> <span class='ocrx_word' id='word_1_124' title='bbox 1371 2875 1509 2962; x_wconf 79' lang='lat' dir='ltr'>praelato</span> 
     </span>
    </p>
   </div>
   <div class='ocr_carea' id='block_1_13' title="bbox 284 2976 1510 3104">
    <p class='ocr_par' dir='ltr' id='par_1_15' title="bbox 284 2976 1510 3104">
     <span class='ocr_line' id='line_1_21' title="bbox 284 2976 1510 3104; baseline -0.022 -36"><span class='ocrx_word' id='word_1_125' title='bbox 284 2983 391 3104; x_wconf 49' lang='lat' dir='ltr'>{m</span> <span class='ocrx_word' id='word_1_126' title='bbox 455 3001 584 3070; x_wconf 81' lang='lat' dir='ltr'>Lectori</span> <span class='ocrx_word' id='word_1_127' title='bbox 600 3004 712 3063; x_wconf 88' lang='lat' dir='ltr'>vestro</span> <span class='ocrx_word' id='word_1_128' title='bbox 734 2994 825 3058; x_wconf 90' lang='lat' dir='ltr'>locus</span> <span class='ocrx_word' id='word_1_129' title='bbox 847 2992 1036 3074; x_wconf 89' lang='lat' dir='ltr'>competens</span> <span class='ocrx_word' id='word_1_130' title='bbox 1051 2984 1094 3048; x_wconf 86' lang='lat' dir='ltr'>ed</span> <span class='ocrx_word' id='word_1_131' title='bbox 1117 2979 1318 3048; x_wconf 87' lang='lat' dir='ltr'>studendum</span> <span class='ocrx_word' id='word_1_132' title='bbox 1334 2977 1371 3042; x_wconf 90' lang='lat' dir='ltr'>in</span> <span class='ocrx_word' id='word_1_133' title='bbox 1393 2976 1510 3061; x_wconf 88' lang='lat' dir='ltr'>hujus·</span> 
     </span>
    </p>
   </div>
   <div class='ocr_carea' id='block_1_14' title="bbox 286 3080 1511 3176">
    <p class='ocr_par' dir='ltr' id='par_1_16' title="bbox 286 3080 1511 3176">
     <span class='ocr_line' id='line_1_22' title="bbox 286 3080 1511 3176; baseline -0.028 0"><span class='ocrx_word' id='word_1_134' title='bbox 286 3118 342 3167; x_wconf 77' lang='lat' dir='ltr'>that</span> <span class='ocrx_word' id='word_1_135' title='bbox 353 3113 397 3163; x_wconf 83' lang='lat' dir='ltr'>the</span> <span class='ocrx_word' id='word_1_136' title='bbox 455 3106 544 3173; x_wconf 90' lang='lat' dir='ltr'>modi</span> <span class='ocrx_word' id='word_1_137' title='bbox 575 3102 671 3168; x_wconf 87' lang='lat' dir='ltr'>novis</span> <span class='ocrx_word' id='word_1_138' title='bbox 704 3093 894 3162; x_wconf 85' lang='lat' dir='ltr'>diversoriis</span> <span class='ocrx_word' id='word_1_139' title='bbox 927 3089 1115 3176; x_wconf 80' lang='lat' dir='ltr'>assignetur</span> <span class='ocrx_word' id='word_1_140' title='bbox 1127 3109 1135 3162; x_wconf 90' lang='lat'>;</span> <span class='ocrx_word' id='word_1_141' title='bbox 1158 3082 1313 3168; x_wconf 87' lang='lat' dir='ltr'>quodque</span> <span class='ocrx_word' id='word_1_142' title='bbox 1336 3080 1427 3146; x_wconf 86' lang='lat' dir='ltr'>locus</span> <span class='ocrx_word' id='word_1_143' title='bbox 1458 3081 1511 3144; x_wconf 89' lang='lat' dir='ltr'>in-</span> 
     </span>
    </p>
   </div>
   <div class='ocr_carea' id='block_1_15' title="bbox 284 3181 1512 3302">
    <p class='ocr_par' dir='ltr' id='par_1_17' title="bbox 284 3181 1512 3302">
     <span class='ocr_line' id='line_1_23' title="bbox 284 3181 1512 3302; baseline -0.033 -18"><span class='ocrx_word' id='word_1_144' title='bbox 284 3181 622 3302; x_wconf 48' lang='lat' dir='ltr'>Jorssflirffssssdfirmitorii</span> <span class='ocrx_word' id='word_1_145' title='bbox 645 3202 703 3267; x_wconf 90' lang='lat' dir='ltr'>ubi</span> <span class='ocrx_word' id='word_1_146' title='bbox 735 3199 844 3264; x_wconf 82' lang='lat' dir='ltr'>dictus</span> <span class='ocrx_word' id='word_1_147' title='bbox 879 3195 997 3259; x_wconf 89' lang='lat' dir='ltr'>Lector</span> <span class='ocrx_word' id='word_1_148' title='bbox 1028 3188 1188 3254; x_wconf 83' lang='lat' dir='ltr'>hactenus</span> <span class='ocrx_word' id='word_1_149' title='bbox 1221 3183 1354 3248; x_wconf 87' lang='lat' dir='ltr'>studere</span> <span class='ocrx_word' id='word_1_150' title='bbox 1382 3181 1512 3247; x_wconf 81' lang='lat' dir='ltr'>solebat</span> 
     </span>
    </p>
   </div>
   <div class='ocr_carea' id='block_1_16' title="bbox 284 3285 1513 3390">
    <p class='ocr_par' dir='ltr' id='par_1_18' title="bbox 284 3285 1513 3390">
     <span class='ocr_line' id='line_1_24' title="bbox 284 3285 1513 3390; baseline -0.029 -6"><span class='ocrx_word' id='word_1_151' title='bbox 284 3316 415 3389; x_wconf 62' lang='lat' dir='ltr'>²³8th</span> <span class='ocrx_word' id='word_1_152' title='bbox 458 3314 642 3379; x_wconf 86' lang='lat' dir='ltr'>reservetur</span> <span class='ocrx_word' id='word_1_153' title='bbox 664 3300 860 3390; x_wconf 86' lang='lat' dir='ltr'>specialiter,</span> <span class='ocrx_word' id='word_1_154' title='bbox 875 3301 976 3385; x_wconf 86' lang='lat' dir='ltr'>prout</span> <span class='ocrx_word' id='word_1_155' title='bbox 998 3291 1127 3367; x_wconf 87' lang='lat' dir='ltr'>assolet,</span> <span class='ocrx_word' id='word_1_156' title='bbox 1143 3287 1259 3354; x_wconf 86' lang='lat' dir='ltr'>usibus</span> <span class='ocrx_word' id='word_1_157' title='bbox 1280 3285 1513 3365; x_wconf 64' lang='lat' dir='ltr'>infirmorum</span> 
     </span>
    </p>
   </div>
   <div class='ocr_carea' id='block_1_17' title="bbox 284 3381 1512 3513">
    <p class='ocr_par' dir='ltr' id='par_1_19' title="bbox 284 3381 1512 3513">
     <span class='ocr_line' id='line_1_25' title="bbox 284 3381 1512 3513; baseline -0.03 -24"><span class='ocrx_word' id='word_1_158' title='bbox 284 3381 445 3513; x_wconf 50' lang='lat' dir='ltr'>{5:3ng</span> <span class='ocrx_word' id='word_1_159' title='bbox 459 3422 497 3483; x_wconf 92' lang='lat' dir='ltr'>ut</span> <span class='ocrx_word' id='word_1_160' title='bbox 520 3410 644 3478; x_wconf 89' lang='lat' dir='ltr'>debiles</span> <span class='ocrx_word' id='word_1_161' title='bbox 667 3413 701 3472; x_wconf 87' lang='lat' dir='ltr'>et</span> <span class='ocrx_word' id='word_1_162' title='bbox 724 3403 848 3470; x_wconf 89' lang='lat' dir='ltr'>infirmi</span> <span class='ocrx_word' id='word_1_163' title='bbox 872 3400 995 3485; x_wconf 85' lang='lat' dir='ltr'>absque</span> <span class='ocrx_word' id='word_1_164' title='bbox 1019 3395 1162 3480; x_wconf 89' lang='lat' dir='ltr'>strepitu</span> <span class='ocrx_word' id='word_1_165' title='bbox 1178 3390 1331 3478; x_wconf 86' lang='lat' dir='ltr'>populari</span> <span class='ocrx_word' id='word_1_166' title='bbox 1355 3389 1512 3455; x_wconf 86' lang='lat' dir='ltr'>secretius</span> 
     </span>
    </p>
   </div>
   <div class='ocr_carea' id='block_1_18' title="bbox 287 3491 1514 3604">
    <p class='ocr_par' dir='ltr' id='par_1_20' title="bbox 287 3491 1514 3604">
     <span class='ocr_line' id='line_1_26' title="bbox 287 3491 1514 3604; baseline -0.026 -19"><span class='ocrx_word' id='word_1_167' title='bbox 287 3515 412 3572; x_wconf 63' lang='lat' dir='ltr'>⁰¹⁰i⁵t⁰¹b</span> <span class='ocrx_word' id='word_1_168' title='bbox 458 3515 699 3604; x_wconf 86' lang='lat' dir='ltr'>conquiescant.</span> <span class='ocrx_word' id='word_1_169' title='bbox 760 3505 803 3570; x_wconf 93' lang='lat' dir='ltr'>In</span> <span class='ocrx_word' id='word_1_170' title='bbox 834 3502 969 3570; x_wconf 78' lang='lat' dir='ltr'>Christo</span> <span class='ocrx_word' id='word_1_171' title='bbox 1006 3497 1148 3562; x_wconf 79' lang='lat' dir='ltr'>feliciter</span> <span class='ocrx_word' id='word_1_172' title='bbox 1178 3492 1328 3558; x_wconf 89' lang='lat' dir='ltr'>valeatis.</span> <span class='ocrx_word' id='word_1_173' title='bbox 1385 3491 1514 3556; x_wconf 88' lang='lat' dir='ltr'>Datum</span> 
     </span>
    </p>
   </div>
   <div class='ocr_carea' id='block_1_19' title="bbox 286 3590 428 3702">
    <p class='ocr_par' dir='ltr' id='par_1_21' title="bbox 286 3590 428 3702">
     <span class='ocr_line' id='line_1_27' title="bbox 286 3590 402 3646; baseline -0.043 -12"><span class='ocrx_word' id='word_1_174' title='bbox 286 3590 402 3646; x_wconf 82' lang='lat' dir='ltr'>requests</span> 
     </span>
     <span class='ocr_line' id='line_1_28' title="bbox 287 3652 428 3702; baseline -0.057 0"><span class='ocrx_word' id='word_1_175' title='bbox 287 3652 344 3702; x_wconf 85' lang='lat' dir='ltr'>that</span> <span class='ocrx_word' id='word_1_176' title='bbox 355 3660 428 3696; x_wconf 88' lang='lat' dir='ltr'>oneo</span> 
     </span>
    </p>
   </div>
   <div class='ocr_carea' id='block_1_20' title="bbox 429 3592 1516 3708">
    <p class='ocr_par' dir='ltr' id='par_1_22' title="bbox 429 3592 1516 3708">
     <span class='ocr_line' id='line_1_29' title="bbox 429 3592 1516 3708; baseline -0.029 -20"><span class='ocrx_word' id='word_1_177' title='bbox 429 3619 549 3708; x_wconf 70' lang='lat' dir='ltr'>capud</span> <span class='ocrx_word' id='word_1_178' title='bbox 589 3614 802 3700; x_wconf 75' lang='lat' dir='ltr'>Chenyngg,</span> <span class='ocrx_word' id='word_1_179' title='bbox 850 3605 901 3672; x_wconf 75' lang='lat' dir='ltr'>vto</span> <span class='ocrx_word' id='word_1_180' title='bbox 946 3599 1116 3669; x_wconf 86' lang='lat' dir='ltr'>Kalendas</span> <span class='ocrx_word' id='word_1_181' title='bbox 1165 3595 1256 3674; x_wconf 83' lang='lat' dir='ltr'>Maii,</span> <span class='ocrx_word' id='word_1_182' title='bbox 1302 3615 1390 3661; x_wconf 88' lang='lat' dir='ltr'>anno</span> <span class='ocrx_word' id='word_1_183' title='bbox 1436 3592 1516 3658; x_wconf 88' lang='lat' dir='ltr'>Dni.</span> 
     </span>
    </p>
   </div>
   <div class='ocr_carea' id='block_1_21' title="bbox 196 3717 663 3791">
    <p class='ocr_par' dir='ltr' id='par_1_23' title="bbox 196 3717 663 3791">
     <span class='ocr_line' id='line_1_30' title="bbox 196 3717 663 3791; baseline -0.032 -22"><span class='ocrx_word' id='word_1_184' title='bbox 196 3720 200 3726; x_wconf 82' lang='grc'><strong>’</strong></span> <span class='ocrx_word' id='word_1_185' title='bbox 288 3717 359 3766; x_wconf 84' lang='lat' dir='ltr'>these</span> <span class='ocrx_word' id='word_1_186' title='bbox 372 3728 430 3775; x_wconf 85' lang='lat' dir='ltr'>may</span> <span class='ocrx_word' id='word_1_187' title='bbox 460 3731 663 3791; x_wconf 44' lang='lat' dir='ltr'>mommo·</span> 
     </span>
    </p>
   </div>
   <div class='ocr_carea' id='block_1_22' title="bbox 288 3779 449 3845">
    <p class='ocr_par' dir='ltr' id='par_1_24' title="bbox 288 3779 449 3845">
     <span class='ocr_line' id='line_1_31' title="bbox 288 3779 449 3845; baseline -0.043 -11"><span class='ocrx_word' id='word_1_188' title='bbox 288 3787 319 3834; x_wconf 85' lang='lat' dir='ltr'>be</span> <span class='ocrx_word' id='word_1_189' title='bbox 331 3779 449 3845; x_wconf 74' lang='lat' dir='ltr'>assigned</span> 
     </span>
    </p>
   </div>
   <div class='ocr_carea' id='block_1_23' title="bbox 418 3975 1518 4155">
    <p class='ocr_par' dir='ltr' id='par_1_25' title="bbox 418 3975 1518 4155">
     <span class='ocr_line' id='line_1_32' title="bbox 418 3975 1518 4063; baseline -0.021 1"><span class='ocrx_word' id='word_1_190' title='bbox 418 4046 423 4057; x_wconf 88' lang='lat'>.</span> <span class='ocrx_word' id='word_1_191' title='bbox 461 3994 949 4063; x_wconf 71' lang='lat' dir='ltr'>50.-Basvs1&gt;s01›oumus</span> <span class='ocrx_word' id='word_1_192' title='bbox 973 3997 1014 4046; x_wconf 85' lang='lat' dir='ltr'>ar</span> <span class='ocrx_word' id='word_1_193' title='bbox 1039 3995 1143 4045; x_wconf 75' lang='lat' dir='ltr'>nans</span> <span class='ocrx_word' id='word_1_194' title='bbox 1174 3993 1316 4044; x_wconf 82' lang='lat' dir='ltr'>uosrnrs</span> <span class='ocrx_word' id='word_1_195' title='bbox 1340 3993 1379 4044; x_wconf 79' lang='lat' dir='ltr'>nv</span> <span class='ocrx_word' id='word_1_196' title='bbox 1402 3975 1518 4042; x_wconf 73' lang='lat' dir='ltr'>Sann-</span> 
     </span>
     <span class='ocr_line' id='line_1_33' title="bbox 628 4093 1349 4155; baseline -0.014 1"><span class='ocrx_word' id='word_1_197' title='bbox 628 4107 726 4155; x_wconf 85' lang='lat' dir='ltr'>wrco</span> <span class='ocrx_word' id='word_1_198' title='bbox 749 4103 822 4153; x_wconf 80' lang='lat' dir='ltr'>vor</span> <span class='ocrx_word' id='word_1_199' title='bbox 846 4097 1022 4150; x_wconf 72' lang='lat' dir='ltr'>ransom</span> <span class='ocrx_word' id='word_1_200' title='bbox 1046 4097 1113 4146; x_wconf 83' lang='lat' dir='ltr'>uno</span> <span class='ocrx_word' id='word_1_201' title='bbox 1135 4093 1349 4146; x_wconf 73' lang='lat' dir='ltr'>rasurumrs</span> 
     </span>
    </p>
   </div>
   <div class='ocr_carea' id='block_1_24' title="bbox 290 4245 1520 4461">
    <p class='ocr_par' dir='ltr' id='par_1_26' title="bbox 290 4245 1520 4461">
     <span class='ocr_line' id='line_1_34' title="bbox 290 4245 1518 4335; baseline -0.027 4"><span class='ocrx_word' id='word_1_202' title='bbox 290 4245 415 4303; x_wconf 57' lang='lat' dir='ltr'>1⁴¹¹33b·</span> <span class='ocrx_word' id='word_1_203' title='bbox 507 4266 581 4331; x_wconf 82' lang='lat' dir='ltr'>Rex</span> <span class='ocrx_word' id='word_1_204' title='bbox 611 4258 752 4325; x_wconf 85' lang='lat' dir='ltr'>Ballivis</span> <span class='ocrx_word' id='word_1_205' title='bbox 775 4254 845 4320; x_wconf 87' lang='lat' dir='ltr'>suis</span> <span class='ocrx_word' id='word_1_206' title='bbox 868 4253 909 4317; x_wconf 91' lang='lat' dir='ltr'>de</span> <span class='ocrx_word' id='word_1_207' title='bbox 940 4249 1127 4335; x_wconf 85' lang='lat' dir='ltr'>Sandwyoo</span> <span class='ocrx_word' id='word_1_208' title='bbox 1150 4247 1300 4314; x_wconf 89' lang='lat' dir='ltr'>salutem.</span> <span class='ocrx_word' id='word_1_209' title='bbox 1348 4246 1401 4312; x_wconf 87' lang='lat' dir='ltr'>Ex</span> <span class='ocrx_word' id='word_1_210' title='bbox 1423 4251 1518 4332; x_wconf 79' lang='lat' dir='ltr'>parte</span> 
     </span>
     <span class='ocr_line' id='line_1_35' title="bbox 293 4347 1520 4461; baseline -0.029 -13"><span class='ocrx_word' id='word_1_211' title='bbox 293 4400 319 4448; x_wconf 78' lang='grc' dir='ltr'><strong>Α</strong></span> <span class='ocrx_word' id='word_1_212' title='bbox 331 4395 422 4461; x_wconf 71' lang='lat' dir='ltr'>Kings</span> <span class='ocrx_word' id='word_1_213' title='bbox 463 4366 575 4436; x_wconf 90' lang='lat' dir='ltr'>dilecti</span> <span class='ocrx_word' id='word_1_214' title='bbox 586 4363 681 4429; x_wconf 89' lang='lat' dir='ltr'>nobis</span> <span class='ocrx_word' id='word_1_215' title='bbox 691 4361 728 4426; x_wconf 93' lang='lat' dir='ltr'>in</span> <span class='ocrx_word' id='word_1_216' title='bbox 741 4356 877 4426; x_wconf 88' lang='lat' dir='ltr'>Christo</span> <span class='ocrx_word' id='word_1_217' title='bbox 887 4352 1011 4419; x_wconf 88' lang='lat' dir='ltr'>Prioris</span> <span class='ocrx_word' id='word_1_218' title='bbox 1025 4351 1177 4418; x_wconf 80' lang='lat' dir='ltr'>Ecclesia</span> <span class='ocrx_word' id='word_1_219' title='bbox 1194 4349 1328 4416; x_wconf 80' lang='lat' dir='ltr'>Christi.</span> <span class='ocrx_word' id='word_1_220' title='bbox 1354 4347 1520 4416; x_wconf 74' lang='lat' dir='ltr'>Cautum·</span> 
     </span>
    </p>
   </div>
   <div class='ocr_carea' id='block_1_25' title="bbox 293 4451 1523 4662">
    <p class='ocr_par' dir='ltr' id='par_1_27' title="bbox 293 4451 1523 4662">
     <span class='ocr_line' id='line_1_36' title="bbox 293 4451 1520 4596; baseline -0.023 -51"><span class='ocrx_word' id='word_1_221' title='bbox 293 4462 451 4596; x_wconf 49' lang='lat' dir='ltr'>JJJJJJQ</span> <span class='ocrx_word' id='word_1_222' title='bbox 464 4472 563 4539; x_wconf 88' lang='lat' dir='ltr'>iensis</span> <span class='ocrx_word' id='word_1_223' title='bbox 586 4466 682 4532; x_wconf 88' lang='lat' dir='ltr'>nobis</span> <span class='ocrx_word' id='word_1_224' title='bbox 705 4468 756 4529; x_wconf 79' lang='lat' dir='ltr'>est</span> <span class='ocrx_word' id='word_1_225' title='bbox 779 4465 949 4525; x_wconf 88' lang='lat' dir='ltr'>ostensum</span> <span class='ocrx_word' id='word_1_226' title='bbox 972 4457 1071 4542; x_wconf 90' lang='lat' dir='ltr'>quod,</span> <span class='ocrx_word' id='word_1_227' title='bbox 1088 4475 1162 4520; x_wconf 90' lang='lat' dir='ltr'>cum</span> <span class='ocrx_word' id='word_1_228' title='bbox 1186 4454 1257 4540; x_wconf 88' lang='lat' dir='ltr'>ipse</span> <span class='ocrx_word' id='word_1_229' title='bbox 1273 4458 1307 4518; x_wconf 89' lang='lat' dir='ltr'>et</span> <span class='ocrx_word' id='word_1_230' title='bbox 1322 4451 1520 4520; x_wconf 86' lang='lat' dir='ltr'>Conventus</span> 
     </span>
     <span class='ocr_line' id='line_1_37' title="bbox 295 4557 1523 4662; baseline -0.022 -16"><span class='ocrx_word' id='word_1_231' title='bbox 295 4598 391 4646; x_wconf 77' lang='lat' dir='ltr'>oueers</span> <span class='ocrx_word' id='word_1_232' title='bbox 403 4594 430 4642; x_wconf 85' lang='lat' dir='ltr'>of</span> <span class='ocrx_word' id='word_1_233' title='bbox 465 4574 612 4662; x_wconf 88' lang='lat' dir='ltr'>ejusdem</span> <span class='ocrx_word' id='word_1_234' title='bbox 633 4569 697 4634; x_wconf 92' lang='lat' dir='ltr'>loci</span> <span class='ocrx_word' id='word_1_235' title='bbox 721 4565 848 4631; x_wconf 88' lang='lat' dir='ltr'>dudum</span> <span class='ocrx_word' id='word_1_236' title='bbox 871 4561 1113 4636; x_wconf 86' lang='lat' dir='ltr'>concessissent,</span> <span class='ocrx_word' id='word_1_237' title='bbox 1136 4557 1348 4632; x_wconf 88' lang='lat' dir='ltr'>remisissent,</span> <span class='ocrx_word' id='word_1_238' title='bbox 1371 4563 1407 4621; x_wconf 92' lang='lat' dir='ltr'>et</span> <span class='ocrx_word' id='word_1_239' title='bbox 1428 4557 1523 4642; x_wconf 87' lang='lat' dir='ltr'>quie-</span> 
     </span>
    </p>
   </div>
   <div class='ocr_carea' id='block_1_26' title="bbox 294 4657 1524 4780">
    <p class='ocr_par' dir='ltr' id='par_1_28' title="bbox 294 4657 1524 4780">
     <span class='ocr_line' id='line_1_38' title="bbox 294 4657 1524 4780; baseline -0.013 -41"><span class='ocrx_word' id='word_1_240' title='bbox 294 4662 442 4780; x_wconf 57' lang='lat' dir='ltr'>JJisffJJJn</span> <span class='ocrx_word' id='word_1_241' title='bbox 466 4673 737 4742; x_wconf 86' lang='lat' dir='ltr'>tumclamassent</span> <span class='ocrx_word' id='word_1_242' title='bbox 769 4663 914 4732; x_wconf 89' lang='lat' dir='ltr'>Domino</span> <span class='ocrx_word' id='word_1_243' title='bbox 946 4661 1120 4739; x_wconf 76' lang='lat' dir='ltr'>Eduardo,</span> <span class='ocrx_word' id='word_1_244' title='bbox 1144 4657 1310 4746; x_wconf 90' lang='lat' dir='ltr'>quondam</span> <span class='ocrx_word' id='word_1_245' title='bbox 1342 4657 1426 4744; x_wconf 85' lang='lat' dir='ltr'>Regi</span> <span class='ocrx_word' id='word_1_246' title='bbox 1450 4659 1524 4722; x_wconf 85' lang='lat' dir='ltr'>An-</span> 
     </span>
    </p>
   </div>
   <div class='ocr_carea' id='block_1_27' title="bbox 297 4761 1523 4866">
    <p class='ocr_par' dir='ltr' id='par_1_29' title="bbox 297 4761 1523 4866">
     <span class='ocr_line' id='line_1_39' title="bbox 297 4761 1523 4866; baseline -0.015 -21"><span class='ocrx_word' id='word_1_247' title='bbox 297 4791 453 4845; x_wconf 73' lang='lat' dir='ltr'>wichman·</span> <span class='ocrx_word' id='word_1_248' title='bbox 467 4779 543 4866; x_wconf 84' lang='lat' dir='ltr'>gliae</span> <span class='ocrx_word' id='word_1_249' title='bbox 565 4775 656 4864; x_wconf 91' lang='lat' dir='ltr'>patri</span> <span class='ocrx_word' id='word_1_250' title='bbox 678 4776 801 4847; x_wconf 86' lang='lat' dir='ltr'>nostro,</span> <span class='ocrx_word' id='word_1_251' title='bbox 825 4765 941 4832; x_wconf 88' lang='lat' dir='ltr'>villam</span> <span class='ocrx_word' id='word_1_252' title='bbox 965 4769 999 4830; x_wconf 88' lang='lat' dir='ltr'>et</span> <span class='ocrx_word' id='word_1_253' title='bbox 1021 4769 1154 4851; x_wconf 89' lang='lat' dir='ltr'>portum</span> <span class='ocrx_word' id='word_1_254' title='bbox 1179 4763 1220 4828; x_wconf 89' lang='lat' dir='ltr'>de</span> <span class='ocrx_word' id='word_1_255' title='bbox 1243 4761 1429 4846; x_wconf 84' lang='lat' dir='ltr'>Sandwyco</span> <span class='ocrx_word' id='word_1_256' title='bbox 1445 4783 1523 4827; x_wconf 91' lang='lat' dir='ltr'>cum</span> 
     </span>
    </p>
   </div>
   <div class='ocr_carea' id='block_1_28' title="bbox 297 4859 1526 4991">
    <p class='ocr_par' dir='ltr' id='par_1_30' title="bbox 297 4859 1526 4991">
     <span class='ocr_line' id='line_1_40' title="bbox 297 4859 1526 4991; baseline -0.036 -35"><span class='ocrx_word' id='word_1_257' title='bbox 297 4859 442 4991; x_wconf 43' lang='lat' dir='ltr'>muggam</span> <span class='ocrx_word' id='word_1_258' title='bbox 467 4876 688 4970; x_wconf 88' lang='lat' dir='ltr'>pertinenciis,</span> <span class='ocrx_word' id='word_1_259' title='bbox 711 4871 859 4958; x_wconf 85' lang='lat' dir='ltr'>exceptis</span> <span class='ocrx_word' id='word_1_260' title='bbox 882 4867 1035 4935; x_wconf 90' lang='lat' dir='ltr'>domibus</span> <span class='ocrx_word' id='word_1_261' title='bbox 1057 4872 1092 4932; x_wconf 88' lang='lat' dir='ltr'>et</span> <span class='ocrx_word' id='word_1_262' title='bbox 1112 4865 1209 4950; x_wconf 86' lang='lat' dir='ltr'>kayis</span> <span class='ocrx_word' id='word_1_263' title='bbox 1232 4885 1313 4950; x_wconf 69' lang='lat' dir='ltr'>quas</span> <span class='ocrx_word' id='word_1_264' title='bbox 1335 4862 1465 4928; x_wconf 69' lang='lat' dir='ltr'>habent</span> <span class='ocrx_word' id='word_1_265' title='bbox 1486 4863 1526 4927; x_wconf 73' lang='lat' dir='ltr'>jn</span> 
     </span>
    </p>
   </div>
   <div class='ocr_carea' id='block_1_29' title="bbox 297 5003 449 5055">
    <p class='ocr_par' dir='ltr' id='par_1_31' title="bbox 297 5003 449 5055">
     <span class='ocr_line' id='line_1_41' title="bbox 297 5003 449 5055; baseline -0.033 -11"><span class='ocrx_word' id='word_1_266' title='bbox 297 5003 373 5045; x_wconf 79' lang='lat' dir='ltr'>taxes</span> <span class='ocrx_word' id='word_1_267' title='bbox 381 5007 449 5055; x_wconf 91' lang='lat' dir='ltr'>upon</span> 
     </span>
    </p>
   </div>
   <div class='ocr_carea' id='block_1_30' title="bbox 0 0 1703 5859">
    <p class='ocr_par' dir='ltr' id='par_1_32' title="bbox 0 0 1703 5859">
     <span class='ocr_line' id='line_1_42' title="bbox 0 0 1703 5859; baseline 0 0"><span class='ocrx_word' id='word_1_268' title='bbox 0 0 1703 5859; x_wconf 95' lang='lat' dir='ltr'> </span> 
     </span>
    </p>
   </div>
  </div>
 </body>
</html>
