3309 5859
576 906 868 959 eiurumnusus.
1184 892 1246 962 175

196 1100 404 1167 diffinitionis
453 1105 619 1178 eventum,
658 1099 754 1164 nobis
800 1098 869 1163 suis
907 1097 1029 1163 litteris
1066 1098 1246 1162 intimaret

196 1202 360 1281 Ceterum,
383 1203 471 1289 quia,
488 1208 529 1267 ut
550 1201 645 1267 vobis
668 1202 821 1265 similiter
844 1199 1044 1287 scripsimus,
1067 1220 1142 1265 cum
1178 1197 1247 1264 Do·

196 1306 305 1371 minus
329 1311 441 1372 noster
463 1306 537 1370 Rex
560 1300 842 1371 exscandescendo
865 1303 902 1367 in
923 1324 984 1368 nos
999 1302 1246 1367 comminatorie

194 1408 324 1485 diceret,
348 1409 436 1494 quod
458 1408 523 1471 nisi
537 1428 644 1493 super
667 1406 829 1492 suggestis
853 1404 927 1483 sibi,
949 1409 988 1469 ut
1022 1403 1164 1481 dixerat,
1188 1404 1245 1468 de-

194 1510 344 1588 fectibus,
369 1532 451 1596 quos
473 1508 679 1584 recitaverat,
702 1529 819 1573 manus
843 1507 1051 1573 correctionis
1082 1528 1246 1593 apponere

193 1634 389 1691 curaremus,
413 1614 495 1700 ipse,
517 1611 653 1677 Domini
677 1610 806 1675 Summi
830 1609 1004 1675 Pontificis
1038 1610 1245 1687 auctoritato,

193 1736 294 1800 quam
332 1715 395 1780 sibi
440 1715 526 1780 velle
571 1736 745 1801 procurare
791 1712 1027 1800 praetendebat,
1075 1711 1243 1788 suffultus,

192 1818 315 1884 faceret
345 1816 496 1882 adhiberi
520 1816 701 1897 medelam3
730 1820 846 1880 nostra
878 1816 1055 1880 subsecuta
1076 1814 1244 1900 responsio

191 1921 391 1997 continebat,
426 1919 515 2006 quod
548 1918 681 1983 noviter
710 1918 753 1982 ad
786 1923 934 1983 nostram
972 1916 1244 1984 Cantuariensem

193 2022 371 2088 Ecclesiam
425 2069 648 2087 .....
704 2020 741 2084 in
784 2020 987 2085 visitationis
1020 2019 1124 2085 officio
1158 2019 1244 2085 inibi

191 2123 414 2210 impendendo
437 2122 619 2188 laceremus
642 2126 808 2211 comperta
831 2122 929 2186 devia
943 2121 1123 2187 reformari.
1169 2120 1244 2187 Hoc

190 2227 307 2313 utique
346 2247 405 2311 pro
437 2228 518 2290 tunc
551 2224 707 2288 duximus
745 2224 1005 2309 proponendum,
1037 2228 1077 2287 ut
1114 2223 1243 2288 facilius

190 2328 362 2393 sedaretur
383 2327 486 2391 animi
509 2326 561 2391 sui
584 2332 713 2405 motus3
744 2325 822 2390 licet
844 2324 940 2389 nobis
962 2346 1030 2389 non
1053 2325 1170 2390 fuisset
1191 2326 1243 2389 in-

190 2429 298 2493 tantio
321 2427 488 2492 visitandi.
545 2426 710 2511 Equidem
741 2425 851 2511 ipsam
884 2432 1032 2491 nostram
1065 2426 1242 2493 Cantueri-

191 2553 300 2596 ensem
335 2530 520 2607 Ecclesiam,
554 2530 635 2593 dum
673 2528 796 2594 ibidem
838 2528 973 2615 negotia
1019 2578 1241 2595 .....

242 2632 499 2749 ..dirigendo
521 2629 661 2696 feliciter
682 2631 875 2717 praesidetis,
899 2631 1121 2697 visitationis
1134 2631 1241 2698 officio

188 2736 298 2799 minus
334 2736 488 2799 novimus
520 2733 677 2819 indigere,
710 2732 846 2819 locaque
877 2738 1066 2799 sanctorum
1104 2742 1239 2820 patrum

187 2837 459 2923 praedecessorum
482 2840 668 2900 nostrorum
691 2884 1239 2904 ...........

188 2986 571 3005 ........
587 2936 779 3002 oculorum'
771 2942 823 3001 mt
809 2936 898 3001 tuitu
913 2937 1116 3003 visitationis
1132 2939 1240 3003 vobis-

187 3062 271 3117 cum,
296 3060 393 3125 super
416 3038 673 3114 communicatis,
696 3044 816 3104 vestrae
839 3039 1059 3124 prudentiae'
1044 3062 1116 3125 Jam
1139 3047 1239 3106 antea

186 3140 307 3206 littoris
339 3141 462 3205 nostris
496 3140 605 3205 missis
662 3189 670 3207 .
726 3188 734 3209 .
790 3189 798 3206 .
844 3190 853 3207 .
906 3191 916 3209 .
960 3191 970 3211 .
1068 3193 1075 3207 .
1120 3191 1130 3211 .
1174 3193 1183 3211 .
1230 3190 1240 3210 .

236 3294 245 3310 .
290 3293 299 3308 .
345 3242 420 3306 visu
456 3246 490 3307 et
522 3241 682 3327 colloquio
714 3242 933 3328 perfruamur.
1005 3243 1093 3325 Quia
1131 3248 1237 3335 igitur

185 3344 226 3408 de
257 3343 419 3429 petitione
454 3341 647 3427 hujusmodi
701 3391 710 3407 .
764 3394 772 3410 .
830 3394 837 3409 .
894 3396 902 3410 .
948 3395 956 3410 .
1176 3399 1185 3414 .

294 3444 472 3511 .litteris
510 3442 571 3507 ult'
548 3450 629 3508 timo
661 3443 755 3509 vobis
793 3445 924 3531 scriptis
966 3452 1078 3513 vestra
1123 3455 1266 3520 teneat.

184 3493 342 3613 diseretio
364 3545 460 3611 nobis
482 3594 960 3617 ..........
1007 3550 1049 3615 In
1072 3554 1238 3620 continuae

186 3650 416 3736 prosperitatis
454 3648 575 3735 gaudio
629 3697 1071 3722 .........
1116 3656 1236 3723 valeat.

185 3751 322 3819 Datum
345 3751 434 3838 apud
458 3750 612 3817 Otteford
635 3751 677 3837 ijo
700 3752 782 3817 Idus
805 3752 944 3820 Martiil

335 4004 346 4039 ²
363 4004 418 4057 The
430 4007 504 4056 latter
514 4012 571 4070 part
582 4004 614 4056 os
629 4004 680 4056 this
696 4006 769 4057 letter
781 4006 803 4057 is
814 4007 926 4073 illegible
937 4010 1004 4061 from
1016 4012 1104 4079 decay.

670 4284 742 4357 175.

226 4550 276 4615 Το
301 4549 392 4616 their
417 4549 523 4628 noble,
540 4572 621 4639 very
643 4551 730 4631 decr,
745 4554 813 4619 and
837 4556 1069 4627 well-beloved
1095 4562 1131 4629 in
1159 4564 1234 4633 God

181 4652 239 4719 Sir
254 4652 359 4739 Hugh
367 4653 447 4718 Earl
456 4654 494 4719 of
506 4653 720 4734 Winchester,
733 4657 861 4743 Henry,
874 4659 967 4727 Prior
981 4663 1020 4729 of
1030 4664 1089 4731 the
1099 4667 1231 4735 Ohurch

181 4754 220 4821 of
231 4752 442 4841 Canterbury
457 4755 523 4820 and
540 4756 597 4821 the
540 4756 767 4825 tOonvent
781 4761 819 4825 of
829 4761 887 4827 the
903 4786 991 4831 same
1007 4767 1108 4853 place,
1123 4778 1230 4858 greot-

177 4858 248 4943 ing.
296 4858 386 4944 Very
398 4857 477 4923 dear
492 4857 574 4937 Sire,
589 4860 734 4927 whereas
751 4862 918 4945 Edmund,
929 4868 987 4933 the
1004 4892 1064 4936 son
1079 4873 1118 4938 of
1137 4874 1233 4942 Peter
