3309 5859
574 965 866 1020 cANTUARmNSES.
1180 939 1246 1024 225'

188 1142 309 1215 vestra,
325 1144 369 1216 et,
391 1137 567 1229 praecipue,
583 1139 611 1206 si
635 1144 750 1230 aliqua
773 1143 932 1210 correctio
947 1143 1134 1229 specialiter
1157 1143 1413 1230 factahedueasd

185 1237 351 1306 fuerit'de
366 1242 420 1308 his
435 1245 523 1310 vasis
538 1247 703 1333 argenteis
727 1254 762 1312 et
784 1247 936 1333 dampnis
958 1246 1124 1334 praedietis
1147 1246 1243 1311 factis
1256 1221 1378 1335 fficlssffn‘

186 1343 334 1427 tempore
365 1343 568 1411 visitationis
599 1354 726 1426 vestrae,
750 1353 786 1414 et
815 1349 844 1414 si
875 1350 931 1426 sic,
954 1349 995 1413 de
1025 1348 1146 1434 quibus
1168 1352 1380 1435 per-¹11>onthe

186 1443 276 1507 sonis
299 1449 334 1510 et
357 1468 399 1510 ex
430 1447 550 1532 quibus
574 1451 703 1531 causis;
736 1451 814 1536 quia
838 1451 874 1515 in
897 1451 1035 1516 dubium
1059 1428 1241 1536 periculum
1254 1433 1399 1548 ffiffioed

188 1548 240 1608 est
261 1545 361 1612 michi
385 1558 509 1615 certam
525 1551 615 1616 viam
636 1557 756 1618 tenere.
803 1553 958 1619 Vestrum
974 1553 1074 1618 michi
1090 1553 1118 1616 si
1133 1553 1243 1638 placet
1254 1551 1281 1600 in
1293 1551 1387 1601 ⁰0¹1&ss

188 1665 289 1731 super
317 1648 383 1714 hiis
421 1650 666 1739 beneplacitum
696 1654 882 1722 notificetis.
943 1655 1116 1720 Praemissa
1146 1619 1365 1734 vobisphffeprees

188 1749 294 1814 scribo
325 1752 368 1815 ad
399 1753 582 1819 tollendum
606 1777 627 1819 a
649 1756 745 1820 vobis
775 1779 905 1822 omnem
937 1757 1137 1823 occasionem
1168 1753 1377 1821 tur-deleme&

188 1853 332 1921 bationis
370 1867 404 1924 et
441 1861 682 1946 inquietudinis
720 1864 840 1928 mentis
879 1869 1005 1928 vestrae.
1066 1863 1186 1928 Valeat
1208 1869 1243 1929 et

189 1976 342 2044 prospere
379 1961 493 2048 vigeat
530 1963 619 2029 salus
657 1970 776 2030 vestra
845 1964 1011 2052 Scriptum
1053 1963 1243 2031 Oantuariae

187 2058 281 2144 viijvo
304 2061 357 2128 die
380 2062 484 2131 Junii.

446 2284 621 2350 218.-Ds
645 2300 763 2349 consu
785 2301 833 2350 ur
855 2301 973 2351 surse.
1280 2279 1389 2410 {iffi

237 2427 396 2496 Salutem.
443 2431 572 2499 Littera
602 2439 722 2499 vestrae
753 2433 968 2520 paternitatis
999 2434 1119 2499 ultimo
1140 2432 1242 2498 michi
1254 2471 1284 2520 L.
1298 2474 1345 2520 150
1352 2485 1376 2520 a„

191 2533 387 2598 transmissa
417 2533 458 2600 de
489 2535 615 2602 incerto
647 2558 699 2601 me
736 2536 883 2601 reddidit
916 2536 1022 2622 magis
1059 2536 1296 2650 incertum3Th
1323 2600 1365 2649 Pn·

193 2633 356 2715 videlicet,
394 2658 437 2701 ex
475 2659 513 2703 eo
552 2638 639 2724 quod
677 2638 714 2703 in
751 2639 866 2704 eadem
898 2638 1012 2704 littera
1046 2639 1243 2714 continetur,
1256 2615 1395 2731 oodpraidd

193 2737 283 2822 quod
320 2740 433 2805 emnia
476 2741 513 2805 in
557 2748 669 2808 vestra
713 2741 907 2808 visitatione
952 2746 1122 2827 comperta
1165 2745 1242 2806 ente
1255 2735 1339 2851 ffie

193 2860 356 2905 recessum
386 2848 535 2908 vestrum
565 2844 601 2908 in
624 2866 698 2909 mea
727 2844 905 2930 praesentia
934 2843 1145 2922 terminantia,
1170 2864 1414 2931 per-bahomius

194 2942 283 3007 sonis
306 2943 575 3030 delinquentibus
596 2945 811 3031 poenitentias
834 2945 1242 3031 canonicasinjungendo.
1255 2933 1414 3050 {2⁸23}ss

196 3041 364 3108 Nimirum
395 3046 585 3112 memoriter
623 3045 729 3113 recolo
767 3047 866 3132 quod,
900 3047 1007 3112 finitis
1039 3044 1248 3112 visitationis
1257 3065 1335 3132 going

196 3150 231 3210 et
265 3147 548 3214 examinationum
580 3153 767 3215 vestrarum
797 3150 1013 3235 processibus,
1046 3149 1246 3234 vocatisque,
1258 3131 1393 3262 lgm&
1394 3212 1409 3247 ο

197 3254 296 3334 prout
329 3250 429 3316 moris
463 3258 521 3327 est,
552 3273 605 3316 me
643 3259 678 3318 et
711 3251 896 3324 senioribus
934 3251 1098 3318 fratribus
1120 3273 1246 3322 ,coram
1258 3268 1398 3316 menusa-

197 3350 291 3416 vobis
325 3375 383 3438 pro
420 3354 674 3420 correctionibus
712 3355 871 3420 faciendis
909 3355 948 3420 de
987 3353 1172 3420 insolentiis
1210 3333 1399 3417 mesraim.

197 3454 390 3520 visitatione
424 3461 536 3522 vestra
567 3457 751 3544 compertis,
781 3479 841 3522 sex
861 3456 992 3523 fratres
1027 3480 1048 3522 a
1080 3455 1248 3522 communi

198 3555 339 3621 fratrum
369 3556 535 3623 consortio
572 3559 760 3643 separastis,
789 3558 848 3624 sed
878 3565 1001 3623 certam
1032 3579 1163 3624 causam
1195 3558 1250 3623 vel

198 3678 313 3723 causas
342 3658 559 3745 separationis
589 3657 780 3744 hujusmodi
810 3658 1002 3725 nullatenus
1034 3660 1249 3746 expressistis.

200 3757 245 3823 Et
278 3758 358 3844 quia
389 3758 600 3846 dispendiosa
626 3759 809 3824 destructio
840 3781 994 3825 vasorum
1017 3765 1248 3847 argenteorum

200 3866 235 3926 et
258 3861 399 3927 aliorum
422 3861 585 3926 bonorum
617 3861 842 3926 communium
872 3861 1036 3939 Ecclesiae,
1061 3863 1101 3928 de
1125 3863 1248 3948 quibus

200 3963 387 4050 nuperrime
419 3963 517 4032 ,vobis
547 3963 671 4048 scripsi,
693 3963 827 4028 notoria
861 3967 941 4028 tunc
974 3964 1090 4028 extitit
1124 3969 1159 4029 et
1182 3985 1252 4029 ma-

200 4065 330 4143 nifeste,
352 4070 388 4130 et
408 4064 518 4130 adhuc
546 4064 762 4150 inpraesenti
792 4063 943 4129 clamitat
973 4065 1009 4128 in
1039 4064 1168 4150 plateis,
1191 4086 1251 4129 nec

200 4163 361 4235 hactenus
391 4166 583 4253 hujusmodi
616 4167 802 4233 ablatorum
842 4173 892 4232 est
929 4167 1043 4252 aliqua
1079 4168 1249 4233 restitutio

201 4272 384 4347 subsecuta,
398 4271 531 4335 ridetur
546 4269 744 4346 Conventui,
767 4290 810 4333 ex
833 4268 939 4334 causis
963 4269 1138 4354 predictis,
1161 4269 1249 4352 quod

202 4376 243 4440 de
280 4372 369 4438 vasis
411 4371 575 4458 argenteis
612 4376 646 4436 et
682 4370 757 4435 aliis
805 4369 901 4434 bonis
950 4369 1115 4455 praedictis
1161 4370 1251 4434 frau-

203 4477 355 4543 dulenter
377 4473 518 4539 sublatis
540 4473 648 4537 adhuc
671 4472 785 4537 debita
807 4471 965 4536 correctio
988 4492 1053 4537 non
1078 4477 1129 4536 est
1151 4471 1250 4548 iacta,

202 4581 268 4661 sed,
302 4583 342 4643 ut
376 4578 493 4642 dicunt
526 4576 643 4642 fratres
666 4598 734 4641 non
756 4575 863 4661 pauci,
888 4575 998 4640 verius
1031 4576 1249 4654 dissimulata.

203 4685 248 4749 Et
269 4678 330 4770 pro
352 4687 441 4746 certo
464 4679 607 4744 teneatis
630 4679 659 4743 si
681 4679 791 4764 placet
821 4675 909 4763 quod
933 4677 1122 4763 hujusmodi
1145 4679 1251 4744 fumo-

202 4787 291 4863 sitas,
334 4771 504 4868 inopinate
546 4781 714 4868 pullulans
759 4781 848 4845 inter
898 4781 1025 4858 fratres,
1065 4781 1108 4846 ab
1148 4782 1250 4846 oculis

202 4891 348 4976 ipsorum
365 4890 400 4950 et
414 4877 568 4950 cordibus
582 4903 650 4948 non
665 4883 884 4968 abstergetur,
900 4881 1002 4948 donec
1023 4882 1105 4968 ipsis
1120 4881 1252 4969 plenius

292 5002 319 5052 U
353 5003 445 5052 21946.
1094 5017 1116 5064 p
