3309 5859
583 952 875 1005 cunruneuausss.
1191 948 1254 1018 147

200 1158 272 1201 mus
293 1158 456 1205 revocare.
501 1138 590 1205 Data
613 1138 803 1208 cantuaria
826 1142 880 1208 die
903 1143 967 1209 Sci.
985 1144 1145 1211 Michaelis
1167 1168 1254 1213 anno

199 1240 292 1326 regni
315 1240 415 1327 Regis
439 1240 596 1309 Edwardi
620 1244 724 1309 xix110.

270 1611 443 1676 15u-Dn
466 1629 704 1688 momsrnoun
728 1628 836 1678 curru
859 1630 905 1677 uu
928 1631 1075 1680 armans
1096 1632 1177 1681 rnna
1292 1639 1393 1690 iacet.

409 1728 563 1781 annosa:
584 1714 789 1793 “Qulcoum
812 1716 1047 1783 concressir.’'
1307 1710 1381 1758 1³2⁵·

1262 1810 1291 1859 L
1307 1814 1386 1863 lma.

246 1904 312 1969 Suo
334 1906 422 1992 patri
454 1907 595 1973 devotus
627 1906 714 1971 filius
746 1907 782 1972 id
805 1908 893 1993 quod
916 1908 1021 1992 possit
1043 1908 1251 1991 obedientiae,
1262 1935 1319 1987 The
1326 1937 1422 1987 Prior’s
1493 1904 1497 1909 ’

200 2009 461 2086 rever-entiae,·et
482 2008 623 2074 honoris.
669 2010 751 2074 Ecce
774 2015 877 2095 pater,
893 2015 990 2095 capta
1011 2011 1118 2097 pridie
1140 2012 1386 2097 inqui-¹01³ortto

200 2110 328 2187 sitione,
362 2111 489 2177 virtute
520 2112 755 2177 commissionis
790 2118 909 2177 vestrae
943 2112 1027 2176 mihi
1064 2115 1248 2199 premissae,
1261 2069 1403 2201 ihrihipicoli'

200 2213 241 2277 de
263 2212 375 2277 littera
408 2212 468 2277 illa
497 2213 622 2279 famosa
644 2235 717 2299 quae
747 2214 884 2300 incipit:
921 2214 1114 2300 “Quicquid
1144 2217 1247 2282 conti-
1260 2204 1414 2320 ffifflm
1491 2222 1494 2231 '

199 2315 331 2403 ga1it;”
366 2314 461 2400 lxiiij.
474 2392 477 2401 Ι
491 2320 603 2392 testes,
621 2315 727 2401 jurati
760 2322 795 2381 et
826 2316 1023 2403 singillatim
1057 2318 1247 2397 examinati,
1258 2334 1380 2401 quisition

199 2419 316 2483 dicunt
346 2418 550 2484 concorditer
572 2422 606 2482 et
638 2418 820 2505 deponunt,
844 2420 932 2504 quod
963 2418 1192 2485 vehementem
1215 2402 1386 2522 etfflj}

199 2520 379 2585 violentam
403 2521 691 2608 praesumptionem
714 2526 749 2585 et
772 2522 991 2608 suspicionem
1013 2521 1139 2587 habent
1162 2525 1393 2613 quodensao,

199 2624 317 2689 Frater
338 2623 503 2689 Robertus
526 2624 567 2689 de
589 2623 737 2689 Alcdone
760 2624 954 2710 praedictam
977 2624 1124 2689 litteram
1148 2618 1367 2718 famopnqune

199 2748 270 2791 sam
293 2724 478 2804 fabricavit,
502 2733 536 2791 et
567 2726 671 2812 ipsam
705 2728 816 2811 posuit
851 2726 1092 2812 superlectum
1124 2726 1250 2793 Fratris
1262 2735 1422 2801 mysterium,

199 2826 362 2891 Johannis
385 2828 426 2892 da
449 2826 583 2891 Maldon
605 2834 786 2893 noctanter.
1001 2829 1007 2841 '
1252 2805 1400 2933 &ellim-

246 2930 430 3015 Raquisiti:
469 2938 485 2965 “
498 2930 587 3011 Quid
624 2936 736 2996 movet
773 2951 827 2994 eos
864 2930 908 2994 ad
945 2929 1134 3017 hujusmodi
1168 2937 1388 3018 prae-eulassbla

199 3034 421 3119 sumptionem
444 3039 479 3098 et
501 3032 721 3119 suspicionem
743 3031 913 3097 habendas
937 3033 978 3098 de
998 3035 1158 3120 praedicto
1182 3003 1403 3120 lto-ifoffid,

199 3138 294 3201 berto
308 3134 348 3201 2''
401 3134 635 3221 Respondent:
660 3134 785 3215 “Quod
809 3134 934 3200 dehoc
956 3142 1007 3200 est
1029 3136 1162 3222 publica
1183 3159 1251 3202 vox
1264 3136 1389 3195 Alauona,

200 3244 236 3303 et
257 3234 374 3301 fama.’'
419 3236 507 3301 Item
530 3235 668 3301 dicunt:
692 3234 816 3315 “Quod
842 3236 942 3321 paulo
964 3241 1142 3323 antequam
1165 3260 1251 3325 pree·
1264 3202 1405 3323 pignano
1488 3289 1492 3299 .

200 3342 291 3406 dieta
313 3340 426 3404 littera
451 3338 578 3403 famosa
599 3337 708 3422 posita
730 3336 797 3400 fuit
819 3358 919 3422 snper
952 3336 1075 3403 lectum
1098 3339 1251 3425 praedicti

199 3441 372 3521 Johannis,
400 3439 562 3504 Dominus
586 3435 861 3523 Archiapiscopus
896 3440 1067 3505 mandavit
1097 3441 1253 3528 Capitulo

202 3542 434 3612 Cantunriensi
457 3540 546 3628 quod
570 3540 686 3605 Frater
710 3540 874 3605 Robertus
909 3540 950 3604 de
972 3540 1121 3607 Aledone
1151 3544 1253 3631 scrip-

201 3653 289 3715 serat
322 3645 465 3710 Domino
507 3640 760 3728 Archiepiscopo
794 3641 883 3727 quod
916 3648 1007 3708 totus
1052 3644 1253 3725 Conventus,

199 3750 314 3839 paucis
348 3747 504 3832 exceptis,
537 3744 696 3833 imposuit
730 3743 837 3809 eidem
875 3744 1019 3811 Domino
1057 3748 1145 3833 quod
1183 3750 1253 3835 ipse

201 3854 320 3919 habuit
334 3850 492 3915 vitiosum
519 3849 703 3935 ingressum
724 3847 760 3911 in
775 3846 954 3913 Ecclesiam
972 3847 1251 3919 Cantuariensem.

202 3958 247 4023 Et
269 3955 422 4021 similiter
459 3951 546 4037 quod
584 3948 676 4015 totus
714 3948 917 4027 Conventus,
956 3953 1069 4037 paucis
1096 3954 1251 4041 exceptis,

200 4058 458 4146 provocationes,
480 4052 724 4140 appellationes,
749 4056 782 4117 et
805 4052 1026 4118 accusationes
1049 4055 1253 4139 contrsDo-

201 4164 329 4227 minum
352 4140 642 4243 Archiepisco'pum
670 4154 838 4231 formavit,
855 4158 890 4219 et
912 4155 948 4218 in
973 4155 1127 4241 Capitulo
1148 4157 1250 4223 fabri·

201 4265 301 4344 cavit,
318 4262 361 4328 ad
383 4260 606 4327 confusionem
630 4262 822 4343 perpetuam
846 4255 982 4320 Domini
997 4257 1253 4345 Amhiepiscopi,

200 4369 237 4432 in
261 4364 362 4431 Curia
384 4363 542 4427 Romana.
588 4359 634 4423 Et
658 4359 697 4422 dc
720 4356 913 4441 hujusmodi
948 4357 1070 4423 vitioso
1087 4359 1254 4445 ingressu,

201 4467 497 4557 provocationibus,
531 4462 821 4549 appellationibus,
845 4466 880 4524 et
913 4461 1179 4527 accusationibus
1212 4464 1253 4528 fit

200 4572 326 4637 mentio
341 4570 377 4634 in
392 4568 550 4655 praedicta
564 4564 676 4631 littera
691 4564 823 4629 famosa.
870 4562 915 4627 Et
930 4564 995 4628 cito
1010 4570 1125 4649 postea
1140 4565 1254 4630 eadem

200 4675 315 4740 littera
337 4672 463 4737 famosa
489 4670 598 4756 posita
621 4666 685 4731 fuit
708 4668 883 4732 noctanter
905 4687 1003 4751 super
1025 4666 1147 4731 lectum
1170 4690 1253 4754 prae·

200 4778 283 4843 dicti
298 4772 485 4842 Johannis.”
524 4772 630 4837 Item:
653 4778 670 4805 “
679 4770 870 4855 Antequam
887 4769 978 4835 dicta
995 4769 1108 4835 littera
1129 4771 1256 4838 famosa

201 4880 302 4943 missa
324 4878 388 4941 fuis
421 4874 564 4965 Domino
585 4868 862 4958 Archiepiscopo,
881 4872 1060 4957 praedictus
1086 4872 1255 4939 Robertus

765 4994 768 5003 ·
1073 4976 1140 5037 [(2
