3309 5859
573 939 866 990 crrrussmnsns
1180 924 1244 986 209

192 1131 267 1175 cum
305 1113 535 1180 benedictione
574 1121 610 1180 et
653 1116 763 1202 gratia
801 1115 993 1182 Salvatoris.
1057 1113 1166 1194 Quum
1204 1114 1241 1176 in
1254 1113 1337 1162 mitte
1325 1129 1414 1164 reom-

190 1215 349 1299 proximo‚
374 1217 507 1282 favente
528 1217 707 1296 altissimo,
723 1220 765 1284 ad
789 1241 858 1295 vos,
873 1224 974 1304 prout
996 1223 1075 1282 anto
1090 1221 1239 1282 nostrum
1251 1179 1407 1296 affligas

191 1314 233 1378 de
258 1315 404 1384 Ecclesia
426 1325 540 1384 nostra
574 1341 736 1385 recessum
768 1321 1004 1396 ordinavimus,
1027 1318 1133 1384 redire
1165 1339 1239 1436 pro·
1227 1313 1396 1388 ,eegraesor

191 1419 355 1503 ponimus,
378 1422 605 1488 visitationem
628 1424 809 1489 nostram'
795 1446 867 1508 Jam
890 1425 1056 1510 inceptam
1079 1442 1138 1508 pro
1161 1422 1240 1486 viri·
1252 1393 1379 1495 affine

193 1519 256 1584 bus
286 1523 502 1639 completuri3
533 1525 660 1590 vobis
651 1547 687 1589 m
719 1526 847 1590 virtute
883 1534 1005 1591 sanctae
1044 1523 1285 1626 ohedientiaebe
1276 1527 1298 1560 ¹⁵
1296 1511 1368 1627 Ἓξ,
1333 1522 1383 1562 555

193 1622 399 1710 injungimus
422 1632 457 1692 et
478 1628 686 1704 mandamus,
710 1629 869 1714 quatinus
900 1649 1013 1694 omnes
1037 1632 1072 1691 ct
1094 1625 1241 1712 singulos
1255 1644 1373 1694 cimam-

194 1727 370 1793 monachos
394 1729 492 1794 diotre
517 1729 670 1795 Ecclesiae
693 1735 824 1806 nostrae,
847 1752 929 1816 quos
951 1749 1133 1795 seorsuma
1156 1728 1241 1794 Con·
1254 1711 1348 1827 ζὀᾮξῃ

194 1833 298 1892 ventu
320 1831 518 1916 sequestrari
550 1831 688 1898 fecimus
709 1854 770 1918 per
792 1833 969 1907 decretum,
993 1852 1032 1897 ae
1062 1830 1157 1895 vobis
1180 1829 1242 1894 sub
1255 1843 1386 1958 offenkn'ng

194 1936 285 1996 certa
321 1931 429 1998 forma
465 1934 698 2000 custodiendos
736 1935 988 2021 assignavimus,
1019 1933 1149 1999 faciatis
1181 1933 1243 1997 sub
1256 1911 1332 1960 mons

194 2037 270 2097 tuta
308 2039 343 2099 et
379 2035 473 2100 salva
510 2037 662 2101 custodia
699 2037 851 2114 detineri,
884 2043 984 2122 prout
1018 2036 1055 2100 in
1088 2033 1245 2123 Capitulo

192 2141 305 2200 nostro
321 2136 416 2202 vobis
432 2139 588 2224 plenius
579 2139 824 2225 1nJ‘unxerimus
840 2139 919 2204 viva
943 2159 1033 2205 voce.
1079 2138 1133 2202 Ita
1157 2137 1246 2222 quod

194 2237 307 2302 nullus
330 2260 442 2305 eorum
465 2241 674 2326 aliquatenus
705 2241 746 2306 de
769 2241 921 2307 custodia
951 2241 1143 2328 hujusmodi
1165 2246 1248 2306 tunc

195 2340 348 2406 ordinata
381 2342 597 2428 permittatur
628 2346 729 2420 exire,
753 2343 845 2407 nullo
878 2343 985 2408 colore
1018 2343 1169 2428 quaesito,
1194 2342 1247 2406 vel

195 2441 238 2505 ad
260 2443 401 2529 alicujus
416 2449 579 2530 rogatum,
594 2467 763 2530 quousque
779 2467 839 2511 nos
863 2446 970 2511 redire
990 2446 1176 2529 contigerit,
1195 2444 1248 2509 vel

195 2544 314 2608 saltem
336 2567 396 2632 per
429 2546 558 2610 litteras
581 2551 711 2611 nostras
745 2547 837 2610 aliud
862 2547 957 2611 vobis
981 2547 1176 2612 duxerimus
1199 2548 1250 2610 in-

195 2647 402 2728 timandum
430 2649 563 2735 proviso
587 2655 699 2714 tamen
730 2649 819 2734 quod
843 2649 942 2715 dictis
978 2649 1192 2734 sequestratis
1214 2649 1251 2712 in

196 2751 387 2816 necessariis
425 2752 518 2818 sicud
556 2752 631 2816 aliis
649 2749 653 2756 ’
670 2752 711 2817 de
747 2751 927 2818 Oonventu
958 2771 1102 2838 congrue
1137 2750 1253 2814 minis·

196 2857 313 2918 tratur.
351 2852 591 2920 Verumtamen
616 2861 691 2920 octo
713 2855 833 2919 fratres
851 2854 972 2938 quibus
995 2858 1067 2918 erat
1090 2853 1253 2920 indictum

192 2953 361 3044 jejunium
385 2957 482 3040 panis
506 2962 539 3021 et
563 2978 659 3042 aquae
683 2957 788 3022 sextis
810 2956 911 3036 feriis,
928 2955 1020 3022 sicud
1037 2955 1080 3020 ad
1102 2961 1254 3041 rogatum

197 3063 349 3122 vestrum
372 3059 419 3123 eia
453 3059 681 3134 concessimus,
704 3081 799 3145 panc,
823 3059 902 3122 vino
935 3080 994 3123 seu
1028 3057 1196 3136 cerevisia,
1220 3065 1254 3121 et

198 3161 334 3246 potagio
356 3161 425 3227 illis
447 3162 564 3227 diebus
587 3162 679 3227 refici
701 3162 889 3227 toleramus.
935 3161 989 3226 Ad
1007 3161 1159 3226 Fratrem
1176 3182 1254 3226 vero

197 3262 388 3329 Johannem
411 3265 452 3330 de
476 3264 622 3341 Maldon,
636 3268 766 3331 ratione
789 3270 898 3330 status
922 3285 1019 3350 quern
1044 3262 1191 3350 optinuit
1213 3263 1249 3327 in

202 3366 349 3432 Ecclesia
371 3373 495 3446 nostra,
518 3372 704 3454 respectum
739 3367 908 3444 habentes,
931 3367 1086 3431 volumus
1109 3365 1197 3451 quud
1220 3365 1256 3428 in

199 3489 339 3554 persona
360 3491 428 3545 sua,
445 3475 610 3554 quatenus
632 3467 796 3555 poteritis,
819 3467 914 3532 salva
947 3465 1117 3552 religionis
1140 3466 1256 3530 hones·

201 3575 281 3647 tate,
295 3572 488 3657 temperetis
510 3572 672 3657 rigorem3
693 3572 743 3636 ita
764 3577 878 3636 tamen
901 3570 989 3656 quod
1013 3576 1106 3655 septa
1127 3591 1255 3634 monas·

200 3672 278 3736 terii
300 3694 368 3738 non
384 3678 490 3749 exeat,
506 3694 676 3758 quousque
698 3673 789 3738 aliud
811 3672 1006 3737 duxerimus
1021 3671 1254 3736 ordinandum.

202 3773 358 3839 Feliciter
389 3774 529 3840 valeatis
552 3780 586 3840 et
617 3775 684 3839 diu.
731 3773 864 3861 Scripta
896 3773 985 3861 apud
1010 3771 1177 3858 Cherring
1199 3772 1260 3857 xij·

203 3875 370 3942 Kalendas
394 3877 514 3942 Martii.

696 4209 770 4273 206.

248 4464 297 4531 'l'o
311 4463 365 4530 his
390 4487 471 4550 very
487 4463 566 4529 ‹lear
587 4463 655 4528 sud
669 4461 761 4528 well·
763 4460 935 4527 beloved'
926 4483 960 4524 m
986 4459 1059 4526 uod
1090 4459 1145 4526 Sir
1167 4457 1257 4524 John

204 4568 329 4654 Lange,
359 4566 487 4650 Henry,
517 4564 611 4629 Prior
642 4564 678 4629 of
715 4563 773 4627 the
803 4545 936 4628 Charch
974 4560 1011 4626 of
1038 4561 1258 4645 (lanterbury,

203 4669 360 4757 greeting
387 4668 454 4732 and
480 4666 638 4752 lasting
624 4687 694 4750 Joy.
739 4664 803 4742 Sir,
825 4663 877 4728 for
903 4663 960 4726 the
986 4663 1175 4748 generosity
1191 4663 1257 4726 and

203 4771 293 4859 good
308 4770 378 4834 will
405 4767 515 4834 which
531 4789 600 4853 you
624 4767 710 4832 have
725 4766 820 4831 often
843 4765 961 4828 shown
975 4763 1041 4828 und
1068 4763 1154 4828 done
1169 4768 1204 4827 to
1220 4785 1259 4826 us
1302 4785 1305 4794 ⁴

206 4873 277 4940 and
293 4893 355 4938 our
381 4868 516 4936 Ohurch
532 4870 584 4934 lor
610 4867 685 4934 love
700 4867 736 4933 of
760 4867 859 4932 Saint
886 4865 1039 4944 Thomas,
1054 4887 1105 4931 we
1129 4863 1260 4952 greatly

311 5001 337 5050 U
366 5001 459 5048 aleco.
1106 4986 1128 5032 0
