3309 5859
580 901 874 958 crurumrrrsrs.
1188 893 1253 965 227

203 1069 391 1155 specialiter
421 1072 512 1142 facta
544 1075 647 1142 fuerit
678 1078 715 1142 in
748 1077 870 1164 ultime
904 1077 1099 1144 visitatione
1131 1084 1252 1155 vestra,

202 1172 244 1238 de
266 1174 356 1242 vasis
376 1178 543 1264 argenteis
573 1179 615 1245 de
646 1181 822 1248 refectorio
854 1186 889 1247 et
921 1182 1000 1248 locis
1032 1181 1107 1246 aliis
1142 1181 1252 1248 dolose

201 1274 350 1370 sublatis,
373 1283 408 1344 at
430 1279 471 1345 de
494 1280 646 1367 dampnis
679 1282 756 1348 aliis
787 1283 825 1347 in
847 1282 979 1349 ecclesia
1004 1287 1038 1348 et
1061 1283 1252 1348 dormitorio

200 1379 329 1444 notorie
350 1380 456 1461 factis,
489 1383 590 1468 paulo
623 1390 702 1450 aute
737 1385 969 1454 visitationem
1001 1391 1145 1450 vestram
1167 1406 1251 1471 prae·

200 1481 324 1563 dictam
336 1508 345 1561 ;
377 1507 476 1572 super
513 1487 636 1573 quibus
672 1489 744 1553 sine
784 1489 1034 1554 examinatione
1067 1488 1251 1553 rotulorum

198 1583 389 1669 hujusmodi
413 1589 614 1655 visitationis
636 1595 756 1656 vestrae
778 1592 822 1656 ad
844 1589 979 1679 planum
1001 1611 1069 1655 non
1099 1590 1252 1676 poteritis

198 1685 379 1754 informari
424 1691 548 1756 Verum
571 1694 651 1779 quia
671 1714 729 1779 per
751 1692 950 1778 Magistrum
974 1691 1011 1757 R.
1036 1692 1077 1758 de
1100 1691 1251 1774 Weston‚

198 1776 352 1858 clericum
383 1799 539 1871 vestrum,
557 1796 659 1881 juxta
692 1796 895 1862 credentiam
930 1817 1024 1860 suam
1056 1796 1158 1860 miehi
1192 1817 1250 1859 ex-

198 1893 341 1978 positam
363 1895 525 1975 intellexi,
547 1899 647 1983 quod,
669 1899 872 1964 examinatis
904 1898 1022 1963 rotulis
1044 1897 1249 1962 visitationis

198 1999 319 2061 vestrae
341 1998 516 2082 predica,
531 2022 631 2085 super
653 2001 806 2066 omnibus
827 2001 868 2064 in.
887 1999 950 2066 hac
965 2005 1060 2086 parte
1075 1999 1249 2085 compertis

195 2099 322 2182 pariter
355 2093 390 2164 et
426 2101 588 2178 correctis,
612 2102 806 2167 decrevistis
827 2123 889 2178 mc,
913 2101 1016 2165 vestri
1039 2101 1157 2187 gratia,
1181 2121 1249 2165 cer·

195 2199 322 2265 tificare
359 2201 430 2265 sine
468 2202 640 2288 dispendio
677 2225 779 2268 morae
817 2202 953 2287 majoris
965 2227 974 2277 ;
1019 2201 1103 2266 sciat
1138 2205 1250 2266 vestra

196 2303 380 2386 paternitas
402 2304 609 2370 dominativa
638 2305 726 2390 quod
759 2304 849 2370 fama
882 2303 1048 2390 fumigans
1083 2307 1117 2367 et
1149 2301 1248 2367 vehe-
1301 2331 1307 2349 ·

196 2409 327 2469 menter
346 2412 509 2491 suspecta
533 2427 608 2491 quae
631 2407 945 2493 pervisitationem
970 2410 1115 2470 vestram
1137 2404 1249 2470 crede·

198 2505 298 2570 batur
331 2508 480 2574 extincta
510 2507 619 2587 fuisse,
649 2510 721 2594 jam
754 2510 790 2573 in
824 2508 1033 2574 conscienciis
1068 2506 1246 2571 multorum

195 2607 338 2674 fratrum
369 2609 526 2696 pululans
557 2612 730 2678 revirescit
737 2635 745 2692 ;
779 2616 814 2677 et
846 2612 948 2676 timeo
983 2610 1072 2695 quod
1106 2609 1249 2675 clamosa

122 2771 126 2776 ,
196 2709 337 2775 fratrum
360 2712 525 2777 instantia
547 2734 600 2778 me
622 2714 828 2798 constringet
843 2713 883 2778 de
907 2711 1060 2798 dampnis
1083 2711 1248 2797 praedictis

196 2811 373 2900 diligenter
394 2815 563 2901 inquirere
584 2816 772 2894 veritatem)
795 2816 862 2880 nisi
894 2815 1025 2902 plenius
1048 2813 1148 2880 michi
1171 2834 1248 2880 con·

195 2917 322 2981 stiterit
343 2918 371 2982 si
393 2918 429 2982 in
463 2919 656 2984 visitatione
686 2924 799 2983 vestra
833 2918 993 3004 praedicta
1025 2917 1114 2981 facta
1145 2917 1248 2982 fuerit

195 3018 310 3084 debita
331 3020 488 3085 correctio
510 3041 610 3107 super
640 3022 829 3107 praemissis.
877 3019 1010 3084 Sufficit
1032 3019 1122 3084 enim
1145 3019 1247 3083 michi

195 3121 278 3186 scire
300 3122 381 3207 quid
403 3123 440 3186 in
461 3123 656 3188 visitatione
679 3128 790 3188 vestra
813 3142 913 3208 super
943 3121 1009 3184 hiis
1028 3125 1246 3206 ¹compertum

62 3255 69 3266 .
192 3222 297 3288 fuerit
318 3231 353 3289 et
374 3231 567 3291 correctum.
612 3225 657 3290 Et
690 3225 770 3311 qnia
803 3221 1075 3288 informationem
1099 3226 1245 3328 vestram

193 3348 292 3414 super
313 3330 490 3415 praemissis
512 3329 712 3394 fiducialiter
734 3333 886 3414 expecto,
909 3324 1156 3412 beneplacitum
1172 3347 1246 3392 ves-

193 3435 284 3494 trum
305 3431 343 3494 in
375 3430 437 3496 hac
459 3436 553 3518 parte
575 3429 688 3496 velitis
710 3428 811 3495 michi
845 3433 965 3506 vestro,
988 3433 1113 3513 quanto
1146 3428 1246 3494 citius

191 3537 288 3598 tanto
319 3533 445 3612 melius,
467 3533 662 3620 significare
706 3533 833 3615 Valete‚
857 3535 917 3598 etc
964 3529 1133 3617 Scriptum
1157 3529 1244 3598 Oan-

192 3637 319 3716 tuariae,
341 3636 460 3723 xxviij.
483 3637 537 3702 die
558 3637 667 3703 Junii.

682 4037 758 4103 219.

237 4309 285 4374 Το
314 4307 367 4373 his
393 4308 471 4372 dear
493 4305 559 4372 and
583 4298 813 4370 well-beloved
838 4299 874 4362 in
902 4297 976 4364 God
1000 4297 1043 4363 H.
1059 4298 1100 4362 de
1115 4296 1242 4384 Lappa-

191 4409 285 4488 flode,
295 4409 467 4497 deputyof
482 4404 718 4473 ourseneschal
735 4405 773 4468 in
783 4402 842 4467 the
853 4399 1235 4485 countyofDevonshire

191 4513 319 4600 Henry‚
335 4512 430 4577 Prior
445 4509 482 4576 of
492 4511 551 4574 the
568 4507 710 4584 Ohurch‚
724 4507 789 4582 tre,
801 4503 959 4590 graeting.
985 4502 1104 4580 Know,
1114 4501 1191 4566 that
1201 4522 1245 4565 on

191 4618 250 4683 the
277 4617 394 4682 second
419 4615 457 4680 of
475 4614 559 4700 July
574 4611 666 4678 John
680 4611 769 4696 Pope
791 4629 876 4695 gave
900 4627 982 4671 usa
1004 4605 1104 4670 letter
1125 4610 1242 4692 patent

190 4719 298 4786 scaled
315 4717 400 4784 with
415 4717 538 4783 twelve
553 4715 647 4794 seals,
657 4714 704 4780 all
719 4712 816 4777 made
832 4709 869 4775 of
881 4731 942 4776 one
958 4708 1043 4772 kind
1059 4709 1096 4773 of
1106 4731 1192 4784 wax,
1208 4705 1244 4772 of

189 4820 497 4890 whichsevenseals
504 4817 689 4885 vercellof
692 4815 854 4891 oneform,
861 4812 928 4878 and
936 4812 1002 4878 five
1009 4811 1099 4878 allef
1105 4811 1245 4878 another

1047 4931 1068 4979 Ρ
1091 4919 1111 4978 2
