3309 5859
570 921 859 976 csnrnsnmsns.
1195 915 1260 980 263

210 1109 339 1193 justas3
367 1109 483 1176 habito
505 1110 641 1176 consilio
663 1115 699 1177 et
720 1116 867 1178 tractatu
890 1111 1044 1200 diligenti
1074 1112 1260 1199 superbiis

213 1234 288 1277 eum
311 1213 467 1300 Capitulo
489 1219 608 1280 nostro·
625 1214 765 1300 aliisque
783 1215 995 1302 jurisperitis,
1011 1217 1116 1285 dictas
1139 1238 1259 1303 appro-

213 1315 388 1400 priacionis
421 1337 544 1394 cauam,
578 1339 636 1402 per
673 1338 733 1383 vos
769 1317 866 1383 nobis
903 1319 1080 1406 expositae,
1111 1319 1258 1406 plenarie

213 1418 367 1502 probatas
412 1439 490 1496 esse,
529 1424 564 1484 et
599 1419 643 1484 ad
679 1420 956 1506 appropriandam
1004 1422 1096 1488 vobis
1134 1422 1258 1488 dictem
1373 1471 1378 1482 .

213 1520 383 1587 ecclesiam
413 1522 454 1586 de
487 1520 702 1599 Westerham‚
737 1544 813 1587 cum
846 1523 972 1610 capelle
1003 1545 1064 1589 sua
1099 1524 1258 1609 praedicta
1375 1545 1376 1548 ’

213 1621 320 1687 eidem
349 1644 488 1700 annexa,
512 1624 615 1689 vestri
644 1629 849 1710 patronatus,
872 1631 907 1690 et
936 1625 1148 1710 pertinenciis
1179 1626 1257 1702 suis,

212 1723 409 1792 sufficientes
443 1747 512 1790 esse
544 1726 642 1790 etde
669 1727 745 1811 jure
768 1725 915 1794 sufficere
948 1727 1075 1806 debere,
1089 1792 1091 1798 ,
1093 1728 1180 1812 juris
1203 1751 1255 1793 or-

212 1826 288 1893 dine
322 1828 380 1913 qui
411 1827 592 1914 requiritur
624 1828 661 1892 in
683 1828 744 1896 hac
775 1830 928 1915 partein
963 1830 1116 1896 omnibus
1146 1831 1256 1895 obscr-

213 1934 298 2007 vato,
320 1936 433 1998 tenore
464 1930 678 2016 presencium
711 1932 977 2016 pronunciamus,
1010 1931 1199 2008 diffinimus
1222 1935 1257 1996 et

210 2032 431 2112 declaramus3
451 2039 486 2097 et
508 2033 631 2098 dictum
654 2033 920 2110 ecclesiamscum
943 2035 1068 2120 capella
1089 2056 1149 2102 sua
1171 2057 1254 2121 prae-

209 2134 299 2199 dicta
332 2141 366 2200 et
397 2135 550 2200 omnibus
584 2135 797 2221 pertinenciis
832 2135 912 2214 suis,
945 2159 986 2202 ex
1021 2135 1087 2201 hiis
1110 2143 1145 2204 et
1178 2138 1254 2206 aliis

209 2239 315 2304 causis
345 2239 503 2326 legitimis
534 2259 594 2303 nos
615 2238 835 2316 moventibus,
858 2239 902 2304 ad
932 2239 1063 2305 laudem
1094 2245 1128 2304 et
1150 2239 1253 2308 hono-

208 2363 280 2407 rem
309 2341 490 2408 individuae
513 2340 697 2418 Trinitatis,
719 2345 755 2406 et
783 2341 936 2426 gloriosae
958 2340 1105 2428 Virginis
1128 2343 1253 2422 Marisa,
1360 2377 1364 2388 ’
1409 2317 1413 2327 ⁸

207 2466 246 2509 ec
267 2444 364 2510 Beati
386 2444 520 2510 Thomae
550 2442 707 2519 Muttinis,
729 2443 823 2508 vobis
855 2449 890 2508 et
912 2445 1150 2510 successoribus
1171 2468 1253 2516 ,ves-

206 2547 275 2624 tris,
299 2548 340 2612 de
371 2546 506 2624 consilio
539 2551 573 2611 et
604 2567 739 2610 assensu
762 2545 911 2630 Capituli
944 2547 1049 2612 nostri
1080 2547 1252 2628 Roffensis,

204 2651 464 2737 appropriamus,
502 2655 537 2715 et
582 2648 754 2735 prasentia
792 2649 907 2734 scripti
946 2654 1059 2716 tenore
1097 2652 1133 2716 in
1171 2673 1251 2718 usus

203 2758 332 2818 vestros
361 2753 570 2819 concedimus
591 2757 627 2816 et
656 2751 871 2838 assignamus,
895 2773 953 2838 per
976 2774 1035 2820 vos
1058 2757 1093 2820 et
1123 2759 1251 2822 vestros

205 2860 244 2920 ut
266 2856 486 2942 praetengitur
507 2875 705 2921 successores
727 2858 887 2940 perpetuo
908 2855 1147 2940 possidendam.
1187 2857 1250 2935 Ita,

204 2958 368 3034 videlicet,
391 2958 481 3043 quod
502 2957 638 3022 cedente
660 2957 715 3021 vel
737 2956 916 3022 decedente
931 2957 1091 3044 Magistro
1108 2959 1250 3025 Ricardo

205 3061 245 3124 de
283 3061 397 3126 Haute
434 3064 559 3126 rectore
597 3059 744 3143 ejusdem
786 3058 929 3124 eeclesiae
967 3060 1025 3144 qui
1061 3081 1151 3127 nunc
1188 3067 1248 3142 est,

202 3163 309 3249 ipsam
340 3163 516 3240 ecclesiam,
547 3162 609 3227 hac
641 3167 763 3227 nostra·
792 3162 1002 3238 auctoritate,
1035 3164 1160 3230 nullius
1197 3189 1251 3232 re·

201 3267 325 3353 quisito
355 3287 523 3342 consensu,
558 3265 660 3330 libere
689 3265 820 3350 ingredi
852 3264 1001 3341 valeatis,
1034 3271 1069 3330 et
1099 3269 1247 3346 eandem,

202 3391 277 3435 cum
299 3370 368 3433 suis
394 3368 526 3452 juribus
549 3373 584 3431 et
605 3366 818 3452 pertinenciis
841 3366 1004 3430 universis
1028 3372 1067 3432 ut
1097 3370 1248 3453 praedici·

202 3477 267 3547 tur,
300 3470 390 3535 licite
422 3469 585 3544 retinere3
624 3473 738 3532 nostro
769 3467 877 3532 aliove
916 3488 1075 3534 consensu
1112 3470 1149 3536 in
1185 3471 1247 3540 hae

201 3580 295 3659 parte
326 3572 463 3636 minime
496 3570 675 3655 requisit03
706 3569 809 3634 salvis
832 3570 928 3635 nobis
950 3573 985 3634 et
1007 3575 1246 3642 suecessoribus

201 3675 323 3740 nostris
360 3673 552 3739 obediencia
588 3671 745 3738 canonica
781 3693 842 3758 per
878 3693 937 3736 vos
976 3677 1010 3738 et
1047 3695 1245 3744 successores

201 3783 328 3842 vestros
365 3775 495 3840 racione
532 3774 629 3838 dictae
666 3773 810 3838 eeclesiae
848 3774 1045 3858 praestende,
1084 3797 1123 3841 ae
1166 3779 1256 3844 visi:

200 3879 337 3954 nacione,
358 3877 498 3962 aliisque
525 3875 657 3959 juribus
688 3878 810 3939 nostrae
844 3873 989 3940 Roffensi
1023 3876 1177 3945 Ecclesiae
1211 3887 1246 3946 et

200 3982 345 4067 ejusdem
380 3979 548 4064 Episcop0,
582 3998 710 4042 necnon
743 3975 984 4042 Archidiacono
1021 3977 1084 4044 loci
1123 3980 1244 4046 debitis

199 4087 240 4150 de
262 4081 498 4150 consuetudine
521 4080 575 4145 vel
597 4080 638 4144 de
656 4080 753 4164 jure3
776 4083 810 4143 et
832 4084 872 4143 ut
895 4079 1054 4166 Magister
1076 4081 1243 4161 Ricardus,

198 4199 302 4254 rector
324 4185 522 4262 antedictus»,
545 4183 703 4268 quamdiu
725 4183 918 4268 praedictam
944 4183 1113 4249 ecelesiam
1145 4191 1242 4252 tenu-

199 4291 272 4369 erit,
295 4290 401 4374 ipsam
431 4308 499 4349 una
532 4307 606 4350 eum
639 4284 765 4369 capella
786 4283 946 4368 praedicte
975 4285 1108 4350 nomine
1132 4294 1242 4353 vestro

198 4394 364 4481 possideat
392 4392 546 4456 volumus
568 4396 604 4455 et
625 4389 825 4468 statuimus3
855 4410 892 4453 ac
915 4411 956 4452 ex
980 4395 1069 4454 certa
1091 4392 1240 4469 sciencie,

187 4483 238 4564 ¹de
260 4497 363 4584 ipsius
398 4493 533 4560 rectoris
556 4513 709 4579 expresso
739 4512 908 4570 consensu,
932 4492 1122 4558 ordinamus
1153 4497 1241 4581 quod

197 4603 285 4668 idem
315 4602 429 4674 rector,
464 4596 623 4682 quamdiu
654 4595 845 4680 praedictam
884 4593 1052 4660 ecclesiam
1089 4600 1242 4678 tenuerit,

197 4726 341 4771 annuam
363 4700 555 4788 pensionem
578 4709 703 4786 septem
719 4697 929 4762 denariorum
952 4699 1185 4786 sterlingorum
1201 4704 1242 4768 de

197 4809 311 4875 eadem
333 4803 469 4870 ecclesia
491 4808 526 4867 et
548 4800 674 4888 capella
696 4800 790 4865 vobis
813 4799 954 4887 singulis
975 4801 1079 4882 annin,
1095 4803 1132 4867 in
1154 4804 1241 4871 festo
