3309 5859
435 886 501 950 260
901 897 1033 948 amnas

265 1077 348 1129 tonis
439 1075 510 1142 Deo
548 1079 697 1156 reddant,
734 1085 770 1144 et
806 1101 881 1166 quae
921 1085 1000 1144 sunt
1038 1078 1180 1166 proximi
1226 1078 1307 1162 lege
1362 1070 1510 1138 naturali

266 1145 428 1275 3,ῗῇξῖζέἰῖ
438 1181 598 1264 proximis
620 1186 791 1266 metanter
812 1181 1015 1268 impendant.
1062 1181 1148 1246 Sane
1171 1175 1394 1244 venerabilis
1418 1179 1511 1260 pater

267 1277 418 1328 ⁰fst⁰⁰l¹⁶⁵f
439 1281 602 1347 Dominus
627 1283 790 1349 Roffensis
812 1283 1002 1371 Episcopus,
1019 1284 1254 1369 circumspecte
1281 1278 1515 1346 considerau-

268 1351 315 1393 Μ’
439 1383 584 1470 dampna
617 1388 733 1470 gravia
764 1393 800 1451 et
834 1387 943 1450 varios
975 1391 1115 1451 eventus
1152 1384 1400 1470 dispendiosos
1441 1400 1510 1464 quae

439 1507 500 1550 nos
543 1493 579 1552 et
617 1487 764 1553 Ecclesia
807 1495 924 1553 nostra
966 1488 1135 1572 praedicta,
1173 1485 1310 1571 magnis
1363 1479 1511 1547 decursis

439 1588 655 1673 temporibus,
677 1591 907 1666 sustinuimus,
934 1595 969 1654 et
999 1588 1107 1654 adhuc
1137 1610 1197 1652 nos
1231 1587 1447 1674 deprimunt
1478 1582 1509 1643 in

438 1692 602 1776 praesenti.
647 1690 866 1756 Devotionem
891 1697 1033 1756 vestram
1056 1697 1091 1756 et
1109 1691 1265 1755 sinseram
1289 1690 1334 1754 in
1358 1685 1508 1752 Domino

438 1793 610 1858 caritatem
633 1794 776 1859 corditer
799 1795 1020 1880 deprecamur,
1045 1799 1084 1858 ut
1115 1793 1247 1880 praefati
1284 1789 1408 1878 patris
1442 1787 1506 1850 Do-

438 1895 520 1959 mini
544 1895 697 1982 Episcopi
720 1899 902 1984 gratuitam
933 1896 1198 1962 benevolentiam
1234 1895 1271 1958 in
1308 1887 1506 1978 praemissis,

438 2018 513 2061 cum
538 1997 579 2062 de
609 1999 682 2084 ipsa
714 1999 808 2063 vobis
840 1999 1036 2074 constiterit,
1059 2002 1236 2082 acceptare,
1259 1995 1452 2068 retificem,
1474 1993 1506 2052 el

437 2099 622 2183 gratificare
645 2100 767 2172 velitis.
781 2099 825 2164 ad
848 2100 1005 2165 honorem
1037 2099 1110 2178 Dei,
1133 2105 1168 2164 et
1200 2119 1268 2164 suae
1305 2095 1448 2170 Matris,
1471 2097 1503 2155 et

440 2201 537 2266 Beati
558 2200 694 2268 Thomae
718 2201 866 2267 Martiris
888 2202 1044 2288 gloriosi3
1068 2201 1317 2287 beneplacitum
1344 2203 1500 2262 vestrum

439 2302 473 2364 in
496 2301 562 2366 hiis
585 2310 620 2368 et
641 2303 716 2368 aliis
738 2325 825 2370 nunc
848 2309 883 2368 et
915 2303 997 2370 alias
1029 2305 1123 2369 nobis
1146 2303 1353 2368 fiducialiter
1388 2295 1501 2364 rescri-

438 2403 555 2467 bentes
588 2426 649 2489 per
680 2405 894 2490 praesentium
929 2404 1133 2490 portitorem.
1192 2405 1331 2490 Optime
1357 2397 1501 2466 valeatis

438 2505 524 2570 sicut
557 2511 592 2570 et
628 2527 689 2570 nos
727 2508 836 2572 valere
875 2506 1043 2572 vellemus
1092 2505 1220 2572 Datum
1257 2503 1294 2568 in
1335 2498 1497 2588 Capitulo

438 2611 559 2683 nostro,
575 2608 630 2672 tac
654 2607 699 2692 ¹[.
744 2659 751 2673 .
796 2661 803 2672 .
851 2629 939 2674 more
967 2609 1106 2694 piissimi
1139 2608 1244 2694 patris
1275 2613 1312 2671 et
1349 2601 1496 2692 pastoris

437 2709 677 2794 compatiendo,
715 2709 751 2774 in
788 2710 901 2776 animo
940 2731 1000 2774 suo
1037 2709 1202 2796 disposuit
1246 2705 1494 2774 amaritudines

437 2818 566 2875 nostms
588 2811 657 2875 suis
680 2813 837 2877 uberibus
872 2812 1038 2878 mellifluis
1070 2821 1262 2899 temperare,
1286 2818 1322 2876 et
1358 2811 1490 2894 depres-

438 2913 546 2976 siones
567 2919 707 2989 nostras,
729 2935 788 2999 per
810 2913 1114 3000 appropriationem
1149 2913 1291 2980 ecclesiae
1324 2913 1367 2977 de
1406 2907 1493 2972 Wes-

439 3012 567 3077 terham
590 3034 664 3077 cum
697 3013 822 3099 capella
854 3013 894 3078 de
928 3011 1181 3101 Edulwesbrigg
1215 3013 1311 3078 nobis
1336 3009 1492 3078 canonice

439 3113 635 3191 faciendam,
659 3115 800 3182 feliciter
821 3115 976 3182 relevare.
1024 3116 1068 3180 Et
1086 3117 1164 3202 quia
1179 3115 1352 3201 aequitatis
1367 3118 1491 3179 statera

440 3217 548 3302 exigit
570 3222 603 3281 et
627 3219 768 3302 requirit
799 3223 839 3282 ut
871 3217 1018 3284 membra
1048 3218 1192 3305 corporis
1226 3238 1287 3281 suo
1320 3215 1426 3303 capiti
1458 3231 1488 3274 sc

440 3317 648 3384 conforment
692 3369 699 3382 .
745 3371 753 3384 .
798 3320 830 3404 .].

298 3457 332 3500 80
342 3451 405 3502 Dec.

319 3521 390 3567 1³27.

273 3608 303 3658 n
319 3612 398 3658 rasa.
811 3581 987 3646 251.·-Dn
1012 3599 1136 3650 sonan.

272 3697 416 3814 ‹ifhduirllii
490 3743 559 3808 Suo
580 3743 678 3829 patri,
702 3743 843 3808 devotus
866 3745 956 3810 filius
979 3747 1013 3810 id
1037 3747 1126 3832 quod
1158 3747 1262 3831 possit
1295 3745 1485 3812 reverentia

274 3829 410 3947 iffae
444 3852 479 3911 et
511 3846 652 3910 honoris.
699 3845 784 3910 Cum
816 3866 923 3931 nuper
962 3869 1020 3911 uos
1058 3854 1093 3913 et
1121 3847 1312 3936 Capitulum
1344 3855 1483 3914 nostrum

272 3965 369 4026 Bistop
380 3963 409 4012 of
442 3971 502 4036 per
523 3949 652 4014 litteras
674 3954 803 4012 nostras
822 3948 964 4012 Domino
983 3947 1088 4014 Priori
1110 3956 1145 4015 et
1166 3949 1322 4036 Capitulo
1342 3947 1485 4016 Ecclesia

271 4030 415 4146 ffiffl²¹
445 4056 562 4116 vestus
584 4049 783 4114 cathedralis
805 4049 969 4114 Roffonsis
993 4051 1259 4116 intimaverimus
1278 4053 1365 4137 quod
1384 4057 1485 4116 vestra

273 4164 387 4226 chapter
397 4165 428 4213 or
443 4155 635 4240 paternitas,
651 4153 886 4237 circumspecte
902 4154 1113 4218 considerans
1127 4155 1242 4240 gravia
1257 4155 1412 4240 dampna,
1424 4161 1486 4226 etc,

273 4231 423 4360 ffiffffissz
444 4263 483 4322 ut
507 4257 553 4321 sic
586 4255 668 4320 dicti
690 4253 853 4340 Dominus
879 4255 971 4319 Prior
993 4261 1027 4319 st
1051 4256 1245 4342 Capitulum
1270 4279 1329 4344 per
1360 4275 1483 4322 suarum

272 4363 416 4476 pecorum
444 4359 552 4444 apices
598 4357 783 4420 litterarum
831 4356 1076 4443 rescripserunt,
1108 4359 1195 4444 quod
1227 4359 1484 4423 benevolentium

272 4561 426 4624 mimmii
479 4580 665 4631 ¹'l'hiaclause
684 4575 783 4626 follows
802 4575 942 4640 deprimunt
992 4578 1091 4629 sidered
1122 4580 1177 4630 that
1204 4581 1236 4629 hc
1259 4596 1310 4628 was
1336 4579 1423 4646 giving
1452 4579 1487 4628 ue

444 4663 470 4711 in
497 4660 618 4725 prasenti
638 4657 664 4706 in
686 4656 730 4706 the
750 4655 816 4713 MS„
828 4655 903 4705 butir
921 4657 941 4705 is
994 4657 1091 4722 Bishop
1104 4665 1147 4708 too
1165 4659 1240 4708 much
1261 4658 1341 4707 credit
1361 4659 1401 4706 for
1418 4673 1485 4720 genc-

441 4739 513 4791 there
540 4738 677 4794 cancelled,
708 4752 736 4785 as
770 4733 865 4799 though
899 4734 941 4784 tbc
992 4732 1079 4796 rosiry.
1144 4756 1154 4766 =

442 4823 525 4872 writer
552 4821 585 4884 by
612 4833 644 4868 an
672 4815 857 4881 amrmemus
882 4831 941 4866 con·
