3309 5859
538 927 828 982 oauruanransas.
1145 920 1209 988 321

138 1125 186 1189 of
210 1126 305 1193 these
329 1127 452 1216 things,
467 1152 534 1216 you
562 1131 631 1196 will
649 1129 690 1194 be
705 1133 836 1220 willing
850 1137 886 1200 to
907 1133 985 1200 hold
1000 1157 1040 1200 us
1056 1139 1206 1205 excused.

140 1227 310 1308 Writien,
325 1231 381 1297 duc.

78 1659 82 1666 .
141 1581 688 1665 314.--(Daouuarors11smrun
707 1599 951 1650 nonroannmr
966 1568 1339 1673 naormunrs)1“¹⁸⁴⁶·

195 1715 317 1785 Clerici
356 1727 506 1807 petentes
543 1722 695 1788 habitum
742 1721 977 1799 monachalem,
1022 1722 1351 1808 antequamskeehof

140 1820 352 1906 recipiantur
369 1823 496 1908 jurent,
521 1824 622 1890 tactis
645 1823 745 1889 sacris
769 1823 970 1910 Evangeliis,
993 1823 1034 1891 de
1056 1825 1200 1891 veritate
1210 1789 1362 1906 {limi

141 1920 288 1988 dicenda
311 1946 409 2010 super
430 1925 578 1991 articulis
601 1925 840 2010 infrascriptis:
1210 1922 1292 2037 pipeti
1304 1939 1363 2038 “pss-

193 2023 230 2088 si
266 2032 345 2091 voto
376 2028 430 2092 vel
464 2028 655 2113 juramento
693 2027 784 2114 prius
822 2049 857 2093 se
895 2027 1118 2116 obligaverint
1154 2004 1359 2105 militiai

285 2128 432 2214 aliquam
456 2129 555 2194 aliam
579 2129 772 2217 religionem
795 2129 997 2197 intrandam.
1208 2121 1350 2238 ⁸⁸⁰⁰'5⁰{⁸

191 2229 296 2296 Item:
320 2231 356 2296 Si
392 2238 470 2298 voto
493 2231 546 2298 vel
584 2233 649 2298 alio
687 2232 783 2298 modo
822 2232 960 2319 obligati
993 2234 1119 2299 fuerint
1154 2234 1196 2298 ad
1208 2203 1349 2305 megum-

280 2335 578 2420 peregrinationem
625 2335 749 2424 Terrae·
784 2333 915 2413 Sanctae
947 2335 1001 2401 vel
1041 2336 1196 2403 Ecclesiae
1209 2320 1316 2452 ffl‘·

281 2435 447 2503 Romanae.

191 2535 297 2603 Item:
320 2538 357 2604 Si
389 2541 432 2606 ad
465 2540 715 2606 matrimonium
752 2545 959 2606 contractum
982 2540 1037 2605 vel
1067 2548 1197 2608 contra-

280 2640 425 2707 hendum
472 2665 507 2708 se
545 2641 776 2729 obligaverint,
810 2641 864 2706 vel
888 2641 1101 2707 affidaverint
1138 2645 1198 2708 ali-

169 2747 171 2752 “
281 2763 380 2827 quam
404 2743 584 2809 mulierem.

192 2840 297 2910 Item:
320 2843 358 2909 si
392 2845 526 2932 aliquod
559 2843 775 2911 homicidium
798 2844 853 2910 vel
875 2844 968 2910 aliud
999 2845 1197 2912 maleficium

282 2947 514 3026 commiserint,
537 2946 592 3012 vel
629 2945 803 3014 homicidis
841 2946 896 3011 vel
929 2945 1005 3011 aliis
1037 2948 1196 3013 maleficia

280 3047 453 3113 consilium
476 3047 696 3135 praestiterint
717 3047 771 3112 vel
794 3068 997 3113 consensum.

193 3147 295 3214 Item:
319 3147 357 3214 Si
380 3151 416 3214 in
434 3151 566 3236 judicio
586 3150 759 3237 sanguinis
782 3155 961 3236 praesentes
984 3149 1120 3227 fuerint,
1143 3151 1197 3215 vel

274 3251 439 3336 judicium
462 3253 633 3342 sanguinis
656 3253 918 3338 procuraverint.

192 3351 295 3418 item:
321 3353 356 3421 Si
394 3378 511 3421 manus
550 3355 714 3421 violentas
737 3353 914 3440 injecerint
951 3353 988 3417 in
1033 3354 1196 3433 clericum,

281 3457 480 3544 religiosum,
497 3458 550 3524 vel
574 3477 781 3524 conversum.

191 3553 297 3622 item:
344 3559 381 3625 Si
420 3561 566 3647 aliquam
605 3560 807 3626 sententiam
846 3560 1195 3626 excommunicationis

277 3661 330 3726 vel
367 3665 590 3750 suspensionis
628 3661 837 3739 incurrerint,
861 3685 882 3728 a
903 3683 971 3747 qua
1008 3682 1079 3728 non
1115 3671 1195 3728 sunt

277 3761 430 3830 absoluti.

192 3860 295 3929 Item:
321 3865 358 3930 Si
382 3867 522 3953 obligati
559 3867 683 3943 fuerint
701 3867 902 3954 juramento
924 3864 979 3930 vel
1001 3865 1068 3930 alio
1090 3867 1195 3944 modo,

278 3965 321 4031 ad
354 3967 550 4034 solvendum
588 3970 739 4036 debitum
777 3967 917 4054 alicujus
955 3968 1114 4054 pecuniae,
1138 3970 1193 4034 vel

275 4076 465 4156 compotum
487 4072 587 4139 alicui
611 4073 823 4138 reddendum.

191 4165 294 4233 Item:
318 4170 355 4235 Si
393 4172 462 4237 sint
498 4173 611 4238 liberae
650 4171 859 4248 conditionis
898 4176 933 4236 et
971 4171 1012 4236 de
1044 4169 1192 4258 legitimo

275 4272 485 4339 matrimonio
508 4275 679 4360 procreati.

191 4368 295 4437 Item:
319 4373 356 4438 Si
386 4375 533 4461 aliquam
575 4375 853 4462 irregularitatem
875 4376 1113 4452 contraxerint,
1136 4374 1191 4440 vel

274 4473 365 4538 aliud
410 4476 688 4561 impedimentum
734 4474 972 4560 quodcumque,
1019 4475 1189 4560 publicum

273 4575 327 4640 vel
350 4578 524 4657 occultum,
539 4578 695 4655 habeant,
719 4599 820 4664 quare
843 4597 911 4640 non
933 4577 1065 4662 possint
1078 4577 1189 4649 libero.
1240 4602 1244 4608 ·

273 4676 345 4742 sine
377 4679 541 4757 seandalo,
579 4685 614 4745 et
651 4678 776 4764 absque
814 4677 961 4762 periculo
1005 4679 1190 4744 animarum

277 4801 420 4860 suarum,
459 4782 612 4848 habitum
651 4780 820 4867 religionis
865 4801 1038 4858 assumere,
1077 4787 1112 4847 et
1148 4783 1191 4848 ad

273 4903 386 4950 omnes
409 4907 516 4954 saeros
539 4885 670 4953 ordines
693 4883 848 4952 canonice
870 4885 1062 4969 promoveri.

227 5007 253 5057 u
287 4997 408 5062 arsce'
1031 5003 1056 5050 X
