3309 5859
400 931 464 997 148
853 942 986 991 urreis
1095 960 1097 964 ·

399 1142 509 1228 plures
525 1142 664 1219 cedulae,
679 1143 813 1229 propria
829 1164 930 1208 manu
945 1142 1093 1228 scriptae,
1109 1139 1248 1207 tradidit
1270 1136 1380 1202 Fratri
1396 1133 1451 1197 Jc

400 1244 502 1309 hanni
526 1244 566 1308 de
583 1244 752 1329 Westgate
768 1244 1026 1320 conscribendas,
1050 1244 1107 1328 qui
1130 1264 1242 1307 omnes
1263 1234 1451 1323 hujusmodi

402 1344 532 1409 sedulas
555 1346 686 1431 scripsit
708 1346 744 1411 in
779 1368 848 1411 una
870 1345 1004 1423 cedula3
1027 1366 1128 1429 quam
1151 1343 1284 1428 quidem
1306 1336 1451 1405 cedulam

402 1448 448 1513 sic
486 1448 641 1534 scriptam
679 1448 793 1513 multis
831 1449 989 1514 fratribus
1026 1446 1172 1512 ostendit
1208 1440 1452 1530 inspicienm

404 1550 486 1628 Qum
502 1550 636 1635 quidem
658 1549 821 1637 scriptura
844 1550 884 1615 de
914 1550 1017 1614 verbo
1047 1549 1091 1612 ad
1114 1547 1252 1613 verbnm
1282 1541 1453 1609 concordat

404 1674 479 1719 cum
502 1652 560 1716 illa
581 1652 694 1717 littera
716 1652 842 1718 famosa
875 1650 1079 1738 “Quicquid
1101 1646 1416 1735 contigeritfiltrn:

405 1754 530 1827 dicunt,
555 1762 570 1787 “
581 1754 668 1839 quod
685 1755 862 1839 praedictus
885 1754 1050 1819 Robertus
1073 1774 1181 1819 coram
1197 1750 1312 1815 multis
1326 1746 1452 1835 publice

407 1856 573 1921 l'atebatnr
608 1856 705 1941 quod,
729 1870 792 1921 xv⁰
814 1856 983 1923 Kalendas
1015 1855 1167 1921 Octobris
1198 1853 1350 1940 proximo
1371 1872 1451 1935 prae-

408 1958 515 2035 terit0‚
553 1958 683 2043 scripsit
720 1958 855 2045 propria
890 1980 992 2023 manu
1030 1958 1113 2021 duas
1151 1976 1287 2041 magnas
1325 1952 1453 2018 cedulss

407 2062 550 2125 famosas
565 2067 737 2125 noctanter
751 2061 795 2125 ad
809 2061 931 2127 lectum
947 2082 1064 2135 suum:
1087 2080 1161 2145 quoe
1183 2058 1318 2144 quidem
1334 2054 1454 2121 cedulae

408 2185 510 2228 manu
545 2162 691 2248 ejusdcm
726 2162 861 2228 Roberti
896 2164 1037 2249 scriptae,
1060 2163 1096 2227 in
1119 2161 1216 2227 modo
1239 2159 1398 2231 dictandi,
1420 2158 1456 2221 in

411 2266 655 2351 incongruitate
691 2265 811 2343 Latini,
835 2266 870 2329 in
903 2264 1149 2353 orthographia,
1170 2265 1207 2328 in
1239 2261 1458 2327 inculcatione

409 2372 592 2446 verborum,
616 2372 652 2435 in
686 2372 885 2436 obscuritate
919 2372 1101 2446 sententias,
1124 2375 1158 2434 et
1181 2368 1216 2431 iu
1247 2367 1364 2431 multis
1385 2365 1460 2429 aliis

409 2473 608 2541 concordant
630 2494 704 2539 cum
727 2474 887 2559 praedicta
908 2474 1022 2539 littora
1043 2471 1195 2537 famosa.”

454 2576 499 2639 Et
529 2574 707 2662 praedictus
740 2575 904 2639 Robertus
938 2575 1137 2661 requisitus:
1171 2574 1211 2639 Si
1241 2594 1344 2659 saper
1374 2594 1460 2658 pruc-

409 2676 523 2741 ocicsis
538 2676 646 2741 coluit
669 2700 700 2741 sc
720 2682 894 2761 prurporcl
939 2676 1141 2761 Respondit:
1165 2675 1262 2755 Qirod
1276 2695 1379 2760 suaper
1393 2672 1462 2737 liis

410 2802 442 2844 se
457 2801 610 2864 puerporc
633 2778 756 2854 uoluit,
773 2779 857 2863 quic
879 2801 952 2842 coa
972 2778 1098 2864 potuit,
1115 2784 1155 2843 ut
1170 2778 1310 2842 dicebat
1356 2778 1460 2841 Item:

411 2890 427 2915 ‘⁸
440 2882 617 2966 Postquam
644 2902 721 2945 vasa
743 2888 901 2967 argentea
924 2882 966 2945 de
988 2902 1119 2945 camera
1141 2881 1266 2945 Prioris
1289 2880 1387 2944 etde
1408 2902 1459 2943 rc-

411 2984 544 3049 seotorio
565 2992 752 3067 noctanter
782 2983 896 3049 ablata
926 2983 1073 3059 fuerunt,
1105 2984 1263 3069 praefatus
1297 2982 1459 3047 Robertus

297 3148 301 3157 ,
411 3085 541 3173 publice
580 3084 746 3149 fatebatur
784 3106 817 3148 se
856 3084 976 3150 habere
1014 3107 1116 3149 unam
1154 3106 1297 3149 massam
1334 3083 1457 3149 metalli

412 3188 540 3274 argenti
564 3188 605 3251 de
638 3187 782 3273 pondere
806 3208 837 3251 x.
861 3187 1041 3263 librarum;
1074 3193 1108 3251 et
1130 3186 1222 3251 illam
1247 3207 1388 3251 massam
1409 3209 1458 3251 ar·

412 3290 504 3376 genti
528 3289 678 3374 pluribus
702 3288 862 3354 fratribus
884 3290 1095 3364 monstravit,
1120 3289 1178 3376 qui
1200 3287 1263 3353 hoc
1286 3288 1375 3353 idem
1396 3294 1462 3353 tes-²

413 3390 559 3457 tantur.”
604 3391 649 3455 Et
671 3390 759 3455 idern
783 3390 949 3455 Robertus
972 3392 1151 3477 requisitus
1174 3395 1210 3455 ct
1232 3391 1459 3455 examinatus:

415 3493 569 3576 Qualiter·
600 3492 798 3577 hujusmondi
831 3516 945 3559 caussa
976 3494 1111 3579 arpenta·
1145 3492 1192 3557 cd
1222 3514 1351 3558 monem
1384 3516 1462 3558 suus

409 3594 591 3683 pervertit?
648 3594 850 3681 Respondit:
874 3595 970 3676 Quod
992 3596 1113 3660 Frater·
1135 3595 1308 3661 Joluzuoes
1331 3596 1372 3661 dc
1397 3596 1461 3660 Vd-

415 3700 527 3783 loyucs
550 3696 691 3763 euiulcm
706 3719 853 3763 memorem
870 3698 1005 3782 arpenti
1023 3698 1089 3763 sibi
1106 3696 1263 3763 tradidit.
1309 3697 1354 3761 Et
1377 3698 1461 3762 idem

416 3801 579 3865 Robertus
612 3800 809 3885 requisitus:
849 3800 942 3881 Qoid
976 3800 1015 3865 de
1053 3800 1169 3864 euclem
1201 3821 1316 3863 masso
1350 3806 1464 3885 posteo

412 3901 515 3991 fecit?
559 3902 763 3988 Respondit:
789 3901 885 3983 Quod
900 3902 1100 3985 lrujosmodi
1116 3923 1266 3965 rurscam
1281 3902 1464 3969 retradidit

412 4004 575 4093 pircdicto
597 4002 754 4069 Jolrauui
776 4026 799 4067 u
822 4026 887 4089 quo
910 4004 1024 4088 ipsum
1038 4004 1166 4088 recepit.
1212 4004 1258 4067 Et
1280 4004 1360 4088 quia
1382 4026 1460 4089 prae

416 4110 524 4174 dictus
539 4106 708 4172 Johanncs
724 4107 858 4171 omnino
881 4109 1016 4193 negavit
1038 4106 1229 4191 hujusmodi
1252 4106 1461 4172 traditionem

416 4219 452 4275 et
486 4210 703 4295 receptionem
737 4230 852 4273 messes
884 4210 1063 4295 praedictae‚
1094 4213 1129 4273 et
1160 4230 1259 4292 super
1290 4209 1464 4293 premissis

417 4310 541 4398 optulit
571 4331 605 4373 se
638 4315 877 4395 purgaturum
911 4316 953 4387 et,
986 4310 1064 4375 licet
1097 4311 1277 4395 praedictus
1300 4309 1465 4374 Robertus

417 4416 526 4480 nolum
563 4434 624 4479 nec
660 4412 780 4499 potuit,
816 4419 856 4478 ut
889 4414 1030 4490 dicebat,
1068 4415 1206 4500 probare
1243 4414 1463 4499 receptionem

418 4517 610 4605 hujusmodi
632 4538 748 4582 massae
771 4517 812 4581 de
836 4494 994 4603 praedicto
1009 4516 1170 4593 Johanne,
1186 4537 1246 4581 nec
1268 4516 1376 4580 eidem
1398 4517 1463 4582 dic·

418 4626 488 4685 tam
519 4639 660 4683 massam
692 4618 878 4694 retradisse,
914 4625 1024 4684 tamen
1048 4618 1175 4683 indicta
1208 4618 1274 4683 fuit
1306 4619 1465 4702 praedicto

417 4722 565 4787 iohanni
597 4720 752 4807 purgatio
775 4742 835 4785 sua
856 4722 997 4808 septima
1026 4741 1126 4788 manu
1149 4742 1248 4805 super
1269 4720 1464 4805 praemissis3

419 4823 614 4911 quistatim
649 4821 779 4907 publice
802 4829 837 4887 et
868 4823 1094 4913 sollempniter
1123 4821 1366 4907 superbiisse
1389 4843 1465 4907 pur·
