3309 5859
121 3047 128 3060 “
238 3045 293 3093 also
303 3045 362 3092 tells

418 860 461 924 9²
857 881 996 930 umnam

415 1064 552 1130 mobilia
574 1071 609 1129 et
631 1067 824 1145 immobilia,
841 1067 958 1134 habita
981 1075 1015 1132 et
1032 1067 1191 1134 habenda
1241 1069 1282 1132 ln
1306 1068 1401 1152 cujus
1423 1069 1469 1134 rei

415 1168 641 1232 testimonium
681 1170 827 1254 sigillum
867 1169 1001 1234 Domini
1043 1170 1180 1235 Henrici
1227 1175 1310 1236 tunc
1350 1169 1469 1234 Prioris

416 1270 567 1336 Ecclesiae
590 1272 717 1338 Christi
741 1273 915 1358 praedicte,
932 1281 966 1338 et
990 1272 1136 1358 sigillum
1161 1273 1312 1358 praedicti
1336 1273 1469 1338 Thomae

413 1371 492 1538 llpric
529 1377 651 1458 scripto
689 1375 920 1462 cirographato
965 1375 1156 1440 alternatim
1195 1381 1275 1440 sunt
1313 1397 1465 1461 appensa.

446 1483 490 1540 at
514 1481 573 1542 alc.

281 1779 367 1904 533⁰)
602 1779 754 1844 tls-Dr
777 1797 985 1844 rnovrsrcns
1009 1781 1143 1846 Roosiu
1167 1780 1278 1846 Dvoo.

242 1981 271 2030 L.
286 1984 332 2028 123
345 1995 370 2028 a.
461 1969 700 2034 Amantissimo
722 1967 787 2030 sibi
802 1969 839 2030 in
863 1966 996 2031 Christo
1013 1967 1173 2052 Magistro
1189 1966 1223 2033 J.
1239 1967 1279 2032 de
1297 1967 1372 2044 Ros,
1388 1989 1466 2032 suus

243 2114 300 2162 The
314 2113 386 2162 ΝΜ
417 2071 581 2136 Henricus
603 2070 707 2146 Prior,
730 2077 789 2134 etc.
814 2069 966 2133 totaliter
988 2069 1023 2132 id
1047 2070 1133 2153 quod
1165 2069 1237 2134 sibi.
1286 2069 1466 2154 Negotium

241 2190 376 2243 reportato
415 2175 611 2259 provisionis
634 2173 753 2259 Rogeri
779 2163 896 2258 Digge,
919 2172 1091 2238 familiaris
1115 2173 1226 2249 vestri,
1251 2173 1291 2236 de
1319 2195 1384 2258 quo
1407 2195 1464 2237 no-

241 2249 389 2372 iiihoi‘ih
415 2277 466 2340 bis
489 2299 594 2362 nuper
623 2274 809 2360 scripsistis,
833 2273 1026 2358 expeditum
1058 2280 1109 2337 est
1139 2275 1309 2358 usquead
1333 2275 1466 2360 puppii-

243 2381 362 2443 Bishops-
415 2381 577 2443 cationum
600 2378 853 2442 attestationum
886 2398 984 2461 super
1006 2375 1184 2441 habilitate
1207 2383 1241 2440 et
1270 2377 1465 2462 ydoneitate

238 2449 350 2561 Ῐᾞζᾞῇ)
415 2482 496 2546 dicti
529 2481 658 2565 Rogeri.
715 2479 759 2544 Et
793 2479 965 2564 deponunt
992 2479 1198 2544 concorditer
1227 2500 1340 2544 ornnes
1364 2485 1466 2544 testes

238 2580 318 2694 piena
415 2584 502 2668 quod
536 2584 624 2646 idem
649 2581 687 2645 R.
712 2580 832 2645 habilis
859 2586 928 2672 ,ffll
948 2586 983 2643 et
1016 2581 1166 2666 ydoneus
1197 2581 1239 2645 ad
1269 2581 1463 2646 beneficium

241 2662 359 2777 sigga
413 2686 676 2760 ecclesiasticum,
707 2705 782 2748 cum
812 2705 893 2748 cura
925 2682 976 2747 vel
1009 2683 1089 2759 sine,
1115 2683 1218 2766 juxta
1242 2682 1462 2768 provisionem

238 2778 386 2892 ³2¹th
413 2787 635 2873 apostolicam,
669 2786 896 2872 optinendum.
955 2785 1000 2850 Et
1038 2807 1137 2871 super
1175 2784 1237 2850 hoc
1274 2787 1463 2870 scripsimus

238 2862 399 2960 silebim-
412 2889 556 2954 Domino
586 2889 850 2974 ArchiepiscopO,
882 2889 1108 2974 supplicantes
1139 2887 1228 2974 quod
1258 2888 1384 2954 dehoc
1407 2911 1463 2952 ne-

239 2977 295 3027 fiee.
331 2978 369 3026 *¹⁰
410 2993 501 3077 gotio
531 2992 612 3057 dicti
635 2991 758 3076 Rogcri
788 2991 913 3076 cogitet
944 3012 1018 3055 curn
1051 2991 1179 3068 effectu,
1204 2991 1256 3056 vel
1290 3013 1350 3078 per
1372 2991 1461 3056 viem

238 3111 389 3189 nimiunn
413 3095 608 3179 provisionis
639 3092 835 3178 apostolius,
860 3114 918 3156 seu
940 3114 998 3178 per
1031 3092 1120 3158 viam
1153 3114 1221 3156 suae
1251 3089 1368 3178 gratim
1391 3115 1462 3179 spe-

239 3186 397 3293 ssossffiew'
412 3198 503 3262 cialis
519 3219 592 3280 quae
613 3196 810 3260 fructuosior
834 3195 897 3258 sibi
922 3195 1053 3260 existat.
1101 3195 1230 3272 Adhuc,
1247 3197 1357 3260 sciatis
1373 3197 1461 3280 quod

241 3310 368 3386 wishem-
411 3321 478 3363 non
511 3302 561 3363 est
595 3297 798 3362 consuetudo
831 3297 866 3362 in
898 3297 1051 3382 partibus
1085 3297 1208 3360 nostris
1246 3297 1335 3382 quod
1368 3297 1460 3362 liberi

239 3384 347 3491 ῗζῖξῗο
411 3406 571 3476 tenentes,
594 3399 671 3463 licet
701 3399 847 3484 ipsorum
880 3403 1102 3464 antecessores
1126 3398 1248 3464 milites
1279 3400 1462 3474 extiterint,

237 3525 365 3584 payns.
412 3508 589 3567 tencantur
619 3523 719 3586 equos
751 3507 785 3564 et
814 3523 908 3566 arma
939 3503 980 3566 ud
1015 3501 1183 3567 ecclesiam
1223 3501 1279 3564 ubi
1314 3501 1460 3586 ipsorum

238 3585 337 3624 'um'
410 3627 544 3691 corpora
582 3604 813 3668 defunctorum
852 3608 931 3669 sunt
969 3604 1157 3689 sepelienda
1195 3603 1369 3678 destinare,
1402 3625 1462 3668 ncc

408 3709 509 3772 ctiam
544 3707 666 3776 milites
701 3707 744 3772 ad
775 3705 837 3770 hoc
869 3711 1036 3783 tenentur,
1058 3707 1123 3770 nisi
1157 3729 1198 3770 ex
1229 3705 1403 3770 honestate
1426 3711 1461 3770 et

340 3897 343 3900 ἡ
408 3811 590 3886 voluntate,
612 3810 678 3874 nisi
701 3810 737 3874 in
760 3809 907 3894 ipsorum
937 3810 1204 3874 testamentode
1235 3811 1379 3895 ipsorum
1404 3833 1460 3874 vo-

405 3913 536 3977 luntate
560 3913 594 3976 in
616 3912 679 3976 hac
701 3917 796 3997 parte
823 3915 985 3997 appareat
1009 3911 1190 3976 evidenter.
1238 3912 1456 3977 Mortuarium

408 4036 484 4077 vero
507 4016 543 4077 in
565 4014 680 4078 multis
711 4013 864 4098 partibus
890 4013 1018 4097 Angliae
1041 4012 1184 4078 ecclesiis
1216 4013 1456 4098 parochialibus

405 4116 552 4191 dcbctur,
576 4120 611 4179 et
641 4115 806 4200 precipue
838 4113 896 4178 ubi
919 4114 1072 4178 dominus
1104 4115 1296 4200 temporalis
1323 4115 1364 4179 de
1388 4119 1458 4181 suis

405 4218 596 4283 tenentibus
630 4217 731 4296 habet
763 4217 964 4295 hcriettum;
986 4216 1041 4280 sed
1066 4217 1102 4282 in
1125 4217 1281 4302 parochia
1312 4217 1457 4282 ecclesiae

404 4327 524 4385 vestrae
558 4320 599 4383 de
633 4319 773 4395 Bourne,
805 4340 867 4383 nec
905 4319 940 4382 in
975 4318 1108 4403 capellis
1147 4319 1376 4404 spectantibus
1415 4321 1459 4384 ad

404 4423 551 4499 eandem,
580 4442 752 4506 nunquam
775 4421 956 4484 heriettum
989 4420 1122 4484 domino
1157 4443 1216 4485 nec
1239 4423 1460 4486 mortuarium

405 4525 548 4588 ecclesiae
599 4524 670 4587 dari
720 4523 857 4599 solebat,
907 4523 1065 4608 quicquid
1104 4523 1200 4587 vobis
1251 4524 1367 4588 dicent
1406 4525 1462 4589 vel

405 4628 550 4691 scribant
573 4627 671 4691 aliter
694 4627 882 4691 sentientes
