3309 5859
564 894 853 945 csnrnanmusas.
1175 875 1243 946 273

182 1080 379 1148 beneficium
401 1084 628 1170 optinendum,
642 1089 677 1149 et
699 1085 788 1171 quod
810 1084 903 1150 aliud
924 1083 1120 1150 beneficium
1139 1083 1238 1149 eccle-
1251 1090 1364 1168 lettera,

201 1185 273 1198 ..
416 1194 419 1199 ,
527 1187 533 1201 .
652 1187 660 1200 .
771 1187 866 1201 ...
943 1187 950 1200 .
1252 1155 1401 1222 Thisbemg

181 1190 352 1252 siasticum
374 1187 826 1273 nonoptmeat‚mtend1t1s
858 1209 1044 1274 1nqu1rerc;
1066 1207 1133 1250 non
1164 1207 1238 1273 pos·
1250 1223 1399 1274 mintrine

183 1309 296 1352 sumus
334 1311 401 1353 non
439 1289 552 1355 mirari
591 1311 629 1354 co
668 1290 757 1374 quod
802 1289 843 1356 de
863 1303 865 1308 “
889 1290 1011 1355 litteris
1048 1287 1237 1376 apostolicis
1249 1298 1319 1340 ment
1330 1290 1369 1368 qs·

182 1389 407 1476 originalibus,
430 1413 490 1456 nec
513 1393 554 1456 de
577 1391 768 1478 hujusmodi
790 1393 923 1478 negotio
947 1391 1152 1478 provisionis,
1173 1357 1383 1489 perfgffeffip

182 1493 395 1578 quoscunque
417 1493 513 1558 nobis
535 1492 697 1558 hactenus
720 1492 824 1558 nichil
851 1493 1042 1572 constabat3
1066 1492 1145 1578 quia
1168 1492 1233 1558 dic·
1246 1490 1393 1568 thechaps
1488 1569 1495 1580 ι

181 1599 255 1658 tum
278 1597 449 1682 negotium
471 1596 674 1682 provisionis
696 1596 883 1682 specialiter
905 1619 974 1673 nos,
997 1601 1034 1660 ct
1056 1597 1233 1662 Ecclesiam
1246 1558 1383 1674 ttffimh.

179 1704 337 1776 nostram,
360 1704 394 1764 et
416 1699 593 1786 privilegia
621 1704 744 1776 nostra,
767 1698 941 1784 contingit,
966 1699 1085 1784 quibus
1116 1699 1234 1786 praeju-
1250 1691 1388 1808 mal

181 1801 299 1879 dicare,
337 1823 398 1868 nec
443 1801 485 1867 ab
523 1801 646 1866 eisdem
685 1801 836 1867 recedere
874 1802 1081 1867 intendimus
1120 1803 1237 1887 quovis
1251 1775 1366 1884 choreb,

180 1903 286 1968 modo.
333 1905 378 1968 Et
399 1925 442 1968 na
473 1903 773 1970 circumveniamur
801 1904 839 1967 in
872 1903 1040 1969 brevitate
1078 1905 1237 1990 temporis
1249 1892 1293 2009 3¹⁰
1304 1893 1393 2009 ‘2223‘

179 2029 321 2092 parvos
344 2008 504 2094 assignati
527 2007 571 2072 ad
594 2007 785 2092 hujusmodi
816 2007 1070 2092 inquisitionem
1105 2009 1237 2094 capien-
1250 1977 1399 2091 collapsus

150 2097 154 2104 ¹
180 2110 267 2186 dam,
301 2112 337 2175 in
369 2133 435 2195 quo
469 2115 564 2176 actus
587 2109 762 2195 judiciales
800 2111 837 2173 in
876 2110 983 2175 causis
1021 2115 1056 2176 et
1094 2111 1237 2196 negotiis
1248 2094 1290 2144 ¹¹³⁸
1301 2093 1395 2146 mim·

178 2213 336 2299 litigiosis
367 2236 435 2279 non
472 2212 582 2278 solent
614 2213 775 2279 hactenus
810 2214 965 2290 exerceri,
1000 2215 1238 2300 paternitatem

179 2322 325 2382 vestram
348 2317 546 2402 requirimus
570 2322 605 2382 et
625 2337 789 2401 rogamus,
805 2315 903 2402 quod,
926 2337 1025 2401 super
1047 2314 1239 2402 hujusmodi

180 2418 395 2504 inquisitione
441 2419 602 2505 capienda
646 2418 757 2484 velitis
802 2419 1024 2505 supersedere,
1071 2440 1240 2504 quousque

178 2523 357 2607 praedictus
391 2519 592 2586 venerabilis
625 2527 721 2606 pater
759 2521 924 2586 Dominus
962 2520 1240 2608 Archiepiscopus

179 2630 292 2690 noster
314 2646 414 2710 super
436 2624 509 2702 hiis,
533 2645 608 2708 quae
630 2645 690 2688 nos
714 2628 747 2688 et
770 2623 952 2689 Ecclesiam
975 2645 1069 2688 suam
1093 2623 1240 2690 Oantua·

179 2729 320 2792 riensem
353 2727 539 2812 specialiter
570 2728 606 2790 in
638 2726 700 2792 hac
734 2733 828 2812 parte
861 2732 1072 2804 concernunt,
1107 2727 1239 2813 plenius

179 2831 400 2911 informetur3
437 2829 682 2914 beneplacitum
720 2833 872 2894 vestrum
911 2829 949 2893 in
986 2829 1052 2893 hiis
1092 2835 1125 2894 et
1163 2832 1238 2895 aliis

179 2933 284 3011 nobis,
316 2954 376 3018 per
407 2932 556 3017 bajulum
591 2930 813 3016 praesentium,
847 2931 1072 2996 rescribentes.
1119 2930 1238 2999 Valete

178 3036 267 3100 sicut
290 3035 400 3100 valere
424 3033 586 3099 vellemus
600 3034 638 3096 in
665 3032 809 3098 Christo.
856 3033 946 3098 Data
974 3032 1165 3100 Oantuariae
1188 3035 1236 3120 iij.

178 3137 342 3202 kalendas
365 3135 529 3214 Januarii,
551 3157 639 3200 anno
664 3135 801 3200 Domini
823 3149 1120 3204 n⁰cocm0xxv11r⁰.

177 3399 449 3500 sos-Limum
471 3445 622 3494 ornnem
645 3428 791 3494 Douma
808 3428 937 3495 Sinoni
953 3428 1231 3499 Arcmmscopo
1271 3447 1380 3497 sona.

573 3549 638 3596 rao
663 3549 790 3597 consu.
1288 3518 1361 3566 ¹³²⁸·

1280 3673 1285 3684 .
1360 3651 1385 3688 a.

223 3701 410 3769 Venerabili
447 3701 484 3764 in
509 3699 656 3766 ⁸Christo
694 3701 784 3786 patri
822 3700 966 3766 Domino
1005 3701 1132 3770 Simoni
1164 3705 1228 3782 Dei
1255 3636 1277 3686 L
1301 3639 1347 3784 ¹55

174 3807 285 3894 gratia
318 3801 554 3870 (lantuariensi
600 3801 866 3888 Archiepiscop0,
901 3809 964 3870 etc.
1010 3805 1122 3871 devoti
1167 3809 1229 3873 filii
1240 3773 1373 3890 ffifflo

176 3910 340 3975 Henricus
363 3907 457 3971 Prior
480 3910 514 3969 et
538 3904 732 3990 Capitulum
762 3905 917 3971 Ecclesiae
949 3906 1074 3973 Christi
1103 3907 1350 3984 Contu-thern:

175 4013 321 4089 ariensis
344 4009 487 4076 salutem
519 4029 594 4071 cum
626 4008 717 4072 omni
749 4009 950 4086 obedientia,
975 4014 1168 4089 reverentia,
1193 3975 1365 4088 affinga

175 4117 298 4180 honore
320 4113 442 4178 debitis
465 4117 560 4176 tanto
583 4112 680 4197 patri.
725 4111 870 4176 Litteras
900 4117 1052 4198 patentes
1084 4106 1376 4222 Abbatisfflffhmh·

175 4213 544 4290 Westmonasteriensis,
583 4213 733 4299 specialis
769 4213 993 4280 Commissarii
1026 4219 1137 4296 vestri,
1172 4219 1225 4286 die
1238 4187 1344 4290 himlelf.

175 4321 270 4386 Jovis
308 4321 345 4384 in
382 4319 467 4384 festo
506 4317 670 4382 Passionis
708 4318 843 4402 gloriosi
881 4319 1038 4406 martyris
1085 4319 1228 4401 Thomas,

174 4422 420 4510 praedecessoris
453 4418 566 4495 vestri,
604 4420 797 4505 recepimus,
834 4425 983 4486 tenorem
1021 4424 1228 4490 continentes

174 4526 393 4613 pressent-ibus
415 4521 614 4596 involutum.
672 4520 778 4606 Super
800 4522 866 4586 hiis
890 4523 993 4609 igitur
1016 4525 1228 4605 admiramur,

173 4651 212 4694 eo
246 4629 333 4713 quod
365 4627 406 4692 de
443 4622 572 4689 lettcris
610 4623 797 4708 apostolicis
836 4625 1059 4711 originalibus,
1093 4649 1153 4694 nco
1187 4631 1228 4696 de

176 4731 368 4818 hujusmodi
398 4726 533 4814 negotio
568 4725 774 4810 provisionis
797 4748 857 4811 per
890 4748 1110 4814 quoscunque,
1133 4733 1228 4797 nobis

172 4833 334 4899 hactenus
382 4828 486 4894 nichil
536 4827 718 4903 constabat,
757 4828 835 4912 quia
887 4829 1010 4894 dictum
1056 4833 1226 4916 negctiunr

274 4933 300 4984 U
334 4934 424 4982 alass.
1076 4951 1094 4996 Β
