3309 5859
541 943 833 997 crurursmnsrs.
1149 931 1214 993 303

147 1124 214 1204 Et,
239 1127 420 1192 reverende
443 1133 548 1213 pater,
565 1127 690 1193 talibus
713 1147 796 1212 opus
820 1125 948 1192 hebent
971 1128 1030 1211 qui
1053 1129 1215 1215 populum

148 1249 272 1314 regere
295 1229 427 1300 debent.
453 1235 488 1295 et
510 1252 570 1316 per
592 1235 752 1295 stateram
770 1229 918 1314 justitiae
935 1229 1106 1316 judicare3
1136 1253 1213 1296 con-

148 1331 355 1410 siderantes,
379 1334 408 1398 si
433 1333 552 1419 placet,
575 1334 665 1419 quod
687 1355 754 1398 non
779 1333 887 1398 omnis
919 1332 1100 1399 credulitas
1132 1335 1217 1400 facit

150 1434 259 1500 fidem
271 1461 279 1514 ;
302 1458 363 1501 nec
385 1440 437 1500 est
459 1437 631 1501 excusatio
656 1435 798 1522 pastoris
822 1435 851 1499 si
874 1457 955 1522 grex
972 1435 1154 1522 dissipetur
1178 1443 1212 1500 et

149 1542 272 1622 pastor
302 1540 442 1625 ignorat.
488 1539 617 1614 Adhuc,
651 1544 758 1624 pater,
789 1560 850 1624 per
883 1538 1037 1603 ultimum
1068 1539 1216 1604 litteram

148 1647 312 1714 vestram,
337 1641 446 1726 sigillo
469 1647 580 1706 vestro
604 1641 743 1707 minimo
766 1641 943 1727 signatam,
960 1642 1056 1706 nobis
1080 1643 1217 1707 insolite

149 1742 328 1820 directam,
352 1743 487 1807 videtur
510 1743 599 1828 quod
623 1765 691 1808 non
714 1744 826 1829 placet
860 1743 957 1808 vobis
980 1745 1070 1830 quod
1092 1767 1154 1809 nos
1177 1746 1218 1809 de

148 1851 265 1910 cetero
302 1846 397 1910 vobis
436 1845 618 1911 scribamus
657 1847 786 1910 vicibus
820 1847 965 1924 iteratis,
1001 1869 1062 1932 pro
1100 1848 1219 1933 quovis

152 1949 303 2014 remedio
341 1947 486 2034 petendo
535 1970 634 2035 super
670 1948 926 2034 quibuscunque
967 1950 1219 2035 gravaminibus

153 2051 254 2115 nobis
277 2051 382 2116 illatis
405 2057 440 2116 et
462 2051 665 2132 inl'erendis3
688 2057 723 2116 et
745 2052 820 2117 ideo
844 2073 944 2138 super
975 2052 1036 2118 hoc
1057 2053 1216 2139 plangere

152 2154 315 2240 cogimur,
355 2154 442 2220 sicut
480 2153 623 2240 orphani
660 2159 801 2239 paterno
839 2153 996 2240 praesidio
1034 2155 1216 2232 destituti3

154 2261 424 2342 verumptamen,
447 2255 488 2321 de
520 2257 683 2322 maternis
715 2254 874 2321 uberibus
908 2256 1041 2342 plenius
1075 2261 1217 2324 :recreati

154 2380 338 2445 speramus,
376 2356 449 2424 Deo
487 2359 626 2445 popitio,
657 2359 820 2446 respirare
856 2360 1063 2446 temporibus
1099 2383 1218 2448 oppor-

159 2461 265 2526 tunis.

175 2759 428 2824 291.-Tmr1r
452 2775 599 2822 urrant
622 2775 723 2823 mssa
746 2757 893 2824 Dorumo
916 2759 1198 2824 Asosrsrrscoro
1263 2754 1365 2870 {tagre-

413 2877 480 2925 PRO
503 2876 756 2926 GOllPOSITIONE
779 2877 953 2925 renuunt.
1225 2940 1248 2989 L
1271 2938 1343 2992 mh

203 3026 271 3091 Suo
295 3025 392 3111 patri,
415 3024 451 3088 id
475 3019 565 3110 quod
587 3028 699 3109 potest
722 3023 932 3100 obedientiae,
958 3027 1162 3104 reverentiae,
1180 3033 1380 3136 ‘'lrhechsp

160 3127 302 3192 honoris.
348 3126 450 3202 Licet,
473 3148 533 3212 per
555 3125 692 3190 ultimas
727 3125 860 3190 litteras
892 3131 1022 3191 vestras
1057 3127 1386 3214 Capitulotermiscon-

161 3231 311 3306 directas,
336 3229 493 3294 videatur
516 3228 728 3314 quibusdam,
751 3228 840 3314 quod
863 3250 930 3293 non
954 3236 1006 3294 eet
1028 3231 1214 3296 voluntatis
1226 3207 1343 3322 {fflhe

161 3337 280 3398 vestroe
303 3330 393 3417 quod
417 3329 612 3396 Conventus
636 3331 676 3395 de
700 3337 809 3396 cetero
833 3331 929 3396 vobis
963 3332 1111 3397 scribant
1132 3334 1212 3398 vici-
1227 3340 1341 3470 {¹33qu

162 3435 221 3498 bus
266 3433 406 3509 iteratis,
438 3453 497 3518 pro
532 3431 732 3518 quibusdam
766 3432 1018 3518 gravaminibus
1052 3435 1126 3512 sibi,
1157 3459 1215 3522 per
1226 3478 1363 3522 treatment

159 3536 324 3600 ministros
347 3540 486 3610 vestros,
510 3534 615 3599 illatis
652 3533 705 3598 vel
739 3533 942 3614 inferendis;
964 3543 1089 3615 tamen,
1114 3558 1214 3604 evan·
1226 3539 1342 3599 orthem,

160 3639 299 3726 gelicum
322 3637 514 3722 parabolam
538 3636 729 3700 memoriter
751 3637 908 3714 recolens,
924 3639 1067 3724 qualiter
1089 3641 1213 3706 amicus
1226 3613 1367 3737 mlii.

161 3741 225 3820 ille,
248 3741 327 3806 licet
350 3762 417 3806 non
441 3762 478 3805 eo
501 3740 590 3826 quod
613 3739 737 3805 amicus
770 3745 884 3805 tamen
919 3748 1054 3828 propter
1085 3744 1213 3810 instan-
1226 3738 1311 3804 ingor

162 3846 243 3912 tiam
266 3843 423 3930 petentis,
452 3842 547 3908 dedit
571 3843 602 3908 oi
633 3847 668 3907 et
698 3843 861 3908 concessit
883 3846 994 3910 omnir.
1024 3868 1099 3931 quae
1121 3807 1386 3937 pete-mallon

164 3949 236 4027 lrat3
266 3946 501 4032 paternitatem
535 3949 678 4010 vestram
715 3944 870 4031 deprecor
900 3952 935 4010 et
966 3967 1073 4026 exoro,
1103 3940 1353 4054 quati-‘llffil’fl

162 4071 222 4114 nus
245 4049 390 4114 litteram
422 4052 568 4112 vestram
592 4050 771 4132 patentem,
795 4046 836 4112 de
866 4049 1103 4134 compositione
1126 4021 1345 4135 intergeliriiy

164 4175 220 4219 vos
244 4157 278 4218 et
302 4151 523 4227 (laurentum,
547 4171 607 4235 pro
631 4149 716 4214 bono
749 4151 840 4236 pacis
863 4152 1046 4231 servanda,
1078 4154 1213 4220 mittere
1225 4137 1367 4255 {ffghffih

163 4254 272 4320 velitis
303 4251 493 4319 Oonventui
532 4274 590 4338 per
629 4253 842 4337 praesentium
878 4253 1083 4339 portitorem,
1113 4256 1213 4342 juxta
1226 4221 1330 4322 officials

164 4365 307 4424 tenorem
329 4356 411 4422 alias
434 4355 530 4419 vobis
553 4354 795 4432 transmissum,
818 4355 872 4420 vel
895 4357 1002 4442 magis
1025 4340 1375 4457 ⁰0111P0le11·22‘,¹,⁸⁰¹¹3ae

166 4466 249 4538 tem3
280 4458 420 4524 scientes
443 4456 541 4542 quod,
565 4455 645 4522 licet
667 4455 828 4521 ministris
858 4456 901 4520 ad
924 4458 1108 4523 custodiam
1131 4465 1319 4536 tem-pseu

167 4563 324 4650 poralium
348 4566 532 4626 vestrorum
557 4559 728 4646 deputatis
759 4558 984 4645 praeciperitis,
1008 4565 1049 4624 ut
1083 4562 1214 4640 dicitur,

167 4666 250 4752 quod
272 4663 464 4750 hujusmodi
487 4661 759 4748 compositionem
782 4661 819 4724 in
843 4661 997 4726 omnibus
1020 4663 1197 4729 observent

167 4775 274 4834 tamen
307 4765 444 4850 quidam
479 4764 637 4851 ipsorum,
660 4763 799 4847 injurias
835 4762 966 4848 injuriis
1001 4765 1216 4844 cumulantes,

168 4868 355 4938 Conventui
378 4888 486 4953 nuper
520 4865 614 4931 varia
644 4866 843 4953 gravamina
879 4868 1076 4946 intulerunt,
1103 4881 1219 4936 contra
1383 4871 1399 4910 0

166 4970 302 5038 formam
330 4969 578 5055 compositionis
601 4968 778 5056 praedictoe,
801 4990 864 5035 nec
895 4969 1002 5035 credit
1025 4970 1220 5040 Conventus
