3309 5859
890 928 1025 980 urm

263 1120 397 1172 ¹³⁸⁰⁰1⁰f
438 1123 547 1209 Regis,
570 1123 659 1210 cepit
680 1123 716 1186 in
739 1142 840 1187 manu
863 1143 924 1187 aua
946 1121 1129 1186 manerium
1163 1122 1207 1186 de
1233 1119 1444 1206 Westclyve,
1464 1119 1501 1185 ad

263 1190 427 1320 fffi'ffieh
440 1227 546 1292 vitam
570 1249 663 1292 suam
686 1226 878 1306 tenendum,
901 1225 990 1292 dicta
1013 1225 1158 1290 Domina
1180 1225 1318 1312 Regina
1354 1225 1446 1310 oepit
1472 1229 1500 1286 et

262 1323 417 1438 ffitcffia
441 1330 587 1394 detinuit
609 1331 720 1396 omnia
753 1328 852 1394 blada
882 1333 998 1394 nostra
1031 1333 1065 1393 et
1096 1329 1291 1393 omnimoda
1317 1327 1392 1392 alia
1422 1327 1500 1391 bona

264 1455 399 1520 cmrgcof
442 1431 577 1496 mobilia
622 1455 696 1518 quae
742 1437 823 1497 tunc
868 1430 1046 1496 habuimus
1084 1431 1173 1516 apud
1212 1427 1427 1514 Westclyva
1463 1427 1499 1492 ad

263 1522 422 1638 ffigcffi
442 1533 622 1600 valentiam
645 1534 715 1620 lvij.
737 1533 899 1598 librarum
923 1533 979 1618 vij.
1003 1532 1194 1610 solidorum,
1217 1533 1310 1597 siout
1335 1535 1436 1618 patet
1449 1551 1499 1616 per

264 1655 374 1706 amnuo
439 1635 690 1720 inquisitionem
724 1635 802 1700 inde
835 1641 976 1720 captam,
1010 1655 1070 1720 per
1103 1634 1243 1720 speciale
1293 1637 1499 1720 praeceptum

265 1721 427 1838 fflffla
438 1736 576 1801 Domini
601 1737 699 1822 Regis
715 1741 750 1801 et
773 1736 816 1802 ad
840 1736 1047 1802 Soacoarium
1071 1741 1284 1814 retornatam,
1302 1757 1401 1802 anno
1416 1747 1498 1799 xvm⁰

264 1854 379 1918 dapnes
438 1839 531 1925 regni
555 1839 655 1926 Regis
678 1838 834 1904 Edwardi
858 1840 962 1926 patris
985 1838 1122 1903 Domini
1138 1839 1237 1926 Regis
1260 1861 1366 1905 nunc
1416 1838 1498 1918 Quo-

263 1927 382 2038 }{ssffi
438 1941 524 2008 cirea
557 1942 738 2006 amicitiam
773 1947 918 2006 vestram
954 1943 1052 2008 solita
1086 1941 1206 2008 fiducia
1238 1942 1446 2028 requirimus
1467 1947 1496 2004 et

264 2054 364 2107 cim
438 2065 601 2129 rogamus,
625 2043 783 2130 quatinus
814 2043 928 2109 velitis
962 2065 1020 2130 per
1051 2043 1195 2130 aliquam
1220 2045 1313 2110 viam
1348 2044 1496 2109 ordinare

437 2167 497 2232 pro
536 2145 631 2211 nobis
664 2145 846 2212 remedium
885 2167 983 2232 super
1021 2146 1214 2232 praemissis;
1247 2146 1493 2234 beneplacitum

436 2253 585 2314 vestrum
608 2248 644 2312 in
666 2247 731 2312 hiis
754 2255 789 2312 et
811 2247 886 2312 aliis
908 2247 1004 2314 nobis
1027 2271 1085 2334 per
1107 2247 1256 2333 bajulum
1278 2245 1492 2338 praesentium

436 2351 659 2417 rescribentes.
719 2349 845 2415 Valete.
907 2349 1032 2416 Datum
1057 2350 1249 2417 Cantuariae
1288 2351 1407 2438 xxijdo
1443 2349 1491 2414 die

436 2455 646 2534 Novembris,
669 2475 758 2520 anno
782 2454 859 2548 Dni.
883 2467 1188 2523 u⁰cco=¹0xxvnra

291 2711 401 2830 ²iai⁴s⁰f
515 2759 1143 2828 eoo.-cousmnnoncmiu100
1169 2773 1281 2824 surra
1306 2773 1429 2827 ramis

262 2902 390 2956 ma·
868 2877 1056 2926 sansana

264 3043 371 3094 sumet
381 3049 408 3093 to
484 3030 640 3096 Salutem.
686 3027 794 3114 Super
826 3025 892 3091 hiis
927 3049 1009 3112 quas,
1033 3047 1092 3113 per
1114 3025 1275 3090 Thomam
1307 3027 1349 3092 de
1373 3027 1411 3095 E.
1435 3025 1486 3091 do·

265 3113 376 3228 ffif'
438 3134 606 3200 misellum
640 3137 797 3208 vestrum,
821 3151 880 3216 per
914 3130 1118 3195 credentiam
1151 3129 1240 3194 vivas
1263 3130 1354 3196 vocis
1386 3151 1486 3216 nuper

263 3245 357 3309 δίοδον
368 3243 426 3294 who
438 3237 540 3302 michi
563 3234 755 3313 mandastis,
779 3253 817 3298 ea
840 3253 915 3320 quoe
938 3233 1045 3298 sentio
1069 3233 1164 3297 vobis
1188 3233 1303 3299 scribo.
1351 3232 1485 3314 Quoad

264 3312 386 3428 {ww
439 3342 673 3429 professionem
697 3337 948 3424 Wygorniensis
978 3337 1131 3423 Episcopi
1166 3337 1260 3403 vobis
1295 3339 1483 3412 faciendam,

264 3446 307 3496 ²¹¹0
319 3441 395 3494 Prior
440 3445 561 3511 sufficit
583 3442 642 3508 illa
663 3440 822 3529 professio
845 3462 945 3526 quam
961 3439 1043 3504 fecit
1066 3438 1281 3526 solempniter
1296 3441 1332 3510 in
1354 3441 1483 3509 ecclesia

264 3526 415 3634 fflfflyto
439 3552 551 3612 vestra
574 3543 815 3620 Cantuariensi,
840 3549 874 3608 et
908 3548 1025 3630 postea
1057 3543 1281 3630 personaliter,
1312 3547 1483 3631 praedeoes-

263 3643 505 3762 fllgssefcie'fflsori
528 3654 647 3725 vostro,
671 3646 803 3733 quando
835 3645 901 3710 fuit
925 3645 1107 3733 Episcopus
1131 3645 1392 3725 Herefordensis,
1415 3670 1481 3734 quse

263 3781 404 3841 butvague
439 3774 548 3839 ipsum
580 3754 688 3816 arctat
721 3770 848 3833 semper
883 3753 918 3812 et
950 3747 992 3812 ad
1029 3770 1157 3834 semper
1189 3751 1348 3834 quamdiu
1386 3751 1481 3816 fuerit

264 3859 387 3962 {mm
400 3927 417 3962 a
439 3855 666 3940 suffraganeus
700 3851 854 3916 Ecclesiae
890 3849 1149 3916 Cantuariensis.
1204 3851 1313 3917 Item:
1350 3877 1414 3939 quo
1444 3853 1480 3920 ad

265 3977 409 4044 profession
439 3981 544 4023 unum
579 3955 734 4022 clericum
756 3953 894 4018 Domini
918 3951 1018 4039 Regis
1050 3952 1086 4017 in
1120 3953 1272 4020 novitate
1303 3963 1416 4023 vestra
1446 3957 1481 4021 de

263 4046 389 4162 ffigff
434 4063 510 4149 jure
545 4061 588 4124 ad
621 4057 816 4123 beneficium
856 4055 1110 4120 ecclesiasticum
1144 4059 1425 4142 promovendum;
1457 4060 1481 4124 si

264 4179 385 4229 nomem
439 4166 489 4231 ita
520 4164 572 4238 sit,
606 4162 711 4246 magis
743 4159 784 4224 de
817 4158 907 4224 facto
940 4179 1040 4244 quam
1076 4159 1116 4223 de
1146 4160 1224 4246 jure
1257 4159 1418 4228 hactenus
1439 4167 1482 4236 est

265 4245 404 4363 qimi
439 4272 620 4356 optentum.
667 4264 738 4329 Nec
771 4284 830 4327 vos
864 4261 949 4327 latet
984 4259 1127 4348 qualiter
1157 4263 1267 4348 plures
1291 4264 1401 4332 clerici
1422 4265 1481 4331 Do

266 4379 410 4428 translued
439 4373 603 4438 minorum
635 4369 765 4454 Regum
795 4364 928 4450 Anglise
961 4363 1019 4448 q'ui
1058 4385 1119 4450 pro
1157 4370 1307 4452 tempore
1346 4367 1481 4442 fuerunt,

265 4446 381 4561 fflff'
441 4476 483 4541 ad
508 4471 702 4538 instantiam
720 4469 873 4556 ipsorum
896 4487 1011 4552 rogum
1035 4470 1069 4531 et
1094 4466 1256 4552 regalium
1279 4467 1322 4532 ad
1346 4470 1482 4556 regimen

265 4577 417 4654 anmhe
442 4575 640 4664 pontificalis
672 4571 768 4637 officii
800 4570 961 4635 hactenus
992 4573 1071 4634 sunt
1109 4571 1282 4656 assumpti,
1307 4573 1374 4656 qui,
1394 4580 1482 4659 gram

266 4645 371 4769 QZ,
441 4677 670 4744 vicissitudine
685 4696 753 4738 non
776 4674 817 4736 do
835 4673 919 4757 jure,
936 4671 1017 4736 alios
1041 4670 1176 4736 clericos
1200 4671 1345 4757 ipsorum
1361 4673 1480 4761 Regum

269 4779 406 4827 demanda
440 4783 483 4846 sd
515 4779 732 4845 ecclesiastica
762 4775 922 4840 beneficia
955 4779 1211 4860 p1·omoverunt;
1244 4776 1293 4839 ita
1314 4777 1400 4862 quod
1422 4778 1482 4842 ists

265 4844 410 4962 {siffis
440 4881 620 4970 gratitudo,
654 4878 749 4965 quasi
783 4881 927 4955 extorta,
949 4877 986 4941 in
1024 4899 1117 4942 usum
1149 4877 1318 4962 prooessit,
1353 4883 1387 4943 et
1411 4878 1480 4963 jam
