3309 5859
391 820 411 879 8
839 832 976 881 arrasa

391 1003 537 1068 omnium
561 1008 596 1068 et
629 1002 836 1091 singulorum
857 1004 1059 1071 confratrum
1081 1010 1117 1071 et
1138 1004 1447 1073 commonacborum

391 1125 531 1191 parvos
565 1104 846 1191 praemunitorum,
869 1107 906 1173 in
928 1108 1044 1175 eedrrla
1065 1109 1187 1176 vesteis
1220 1107 1343 1174 litteris
1375 1128 1447 1173 oer-

360 1182 373 1209 ⁴
392 1206 577 1273 tilicatoriis
612 1206 829 1285 annectenda,
852 1207 951 1276 dietis
982 1210 1036 1275 die
1073 1215 1108 1275 et
1145 1210 1216 1275 loeo
1253 1208 1447 1294 hujusmodi

393 1308 581 1377 certificetis
604 1307 726 1374 litteris
750 1312 869 1376 vestris
900 1314 1093 1400 patentibus
1123 1312 1324 1378 habentibus
1358 1311 1448 1376 hune

395 1417 550 1477 tenorem.
610 1410 698 1477 Data
737 1412 773 1476 in
815 1416 962 1481 manerio
994 1426 1110 1481 nostro
1135 1415 1176 1481 de
1198 1450 1297 1492 -·,
1319 1413 1447 1479 talibus

392 1516 454 1591 die,
493 1536 612 1591 meuse,
647 1521 682 1579 et
714 1536 813 1592 anno,
847 1522 883 1582 et
919 1519 1149 1585 translationis
1179 1523 1310 1583 mostrae
1355 1538 1448 1583 anno

394 1617 462 1685 tuh.

223 1896 248 1944 S·
263 1894 342 1947 1111·
394 1893 621 1958 8.-L1rrsnr
655 1910 719 1959 sun
752 1910 887 1959 s1o1uro
921 1892 1131 1959 Surrarorrs
1155 1904 1305 1953 ornnem
1334 1888 1372 1951 A
1399 1887 1449 1965 B,

504 2010 596 2061 ruso
629 1994 782 2061 Cusronr
817 1996 928 2059 Ausa
973 2009 1040 2058 sau
1077 1990 1244 2057 Oounaou
1283 1988 1449 2055 osmer-

505 2114 638 2162 arsssrs
672 2114 714 2161 ar
752 2097 869 2163 Socns
902 2112 980 2161 stus
1009 2094 1162 2159 Oxouna
1192 2092 1448 2168 Srunasrrnus,

503 2217 551 2265 su
599 2218 864 2267 coursrssnurr
908 2215 1026 2265 conia
1075 2197 1220 2263 Doumo
1258 2196 1450 2262 Ascurum-

505 2320 608 2369 scoro
654 2320 773 2369 ouans
819 2320 880 2370 ura
925 2319 968 2368 rr
1005 2318 1093 2367 aooo
1143 2317 1209 2367 rso
1246 2299 1449 2364 Eumenous

503 2406 648 2471 Parcius
671 2422 853 2473 raormms.

221 2573 346 2623 uormru.
438 2562 588 2639 Thomas,
624 2563 785 2650 Supprior
832 2561 985 2629 Fcclesia
1022 2560 1149 2628 Christi
1187 2559 1448 2637 cantuariensis,

220 2662 376 2780 ’ψὲξὲἃῦ
393 2664 521 2731 dilectis
537 2666 573 2729 in
588 2664 721 2731 Christo
743 2664 902 2731 fratribus
926 2663 1066 2731 Custodi
1088 2668 1124 2729 et
1145 2662 1242 2729 sociis
1262 2662 1333 2727 suis
1347 2662 1448 2729 Aula
1487 2684 1493 2693 ’

220 2745 326 2847 tm,
393 2788 451 2833 seu
467 2766 606 2853 eouegs
622 2766 872 2832 cananaeus
895 2764 1046 2833 exoniae
1067 2764 1288 2842 studentibus,
1302 2764 1448 2831 mutem

220 2864 360 2981 3quss
393 2869 429 2933 in
453 2868 580 2954 Ecqui
604 2874 655 2934 est
685 2868 832 2935 omnium
847 2888 929 2935 vera
949 2866 1048 2933 salua
1095 2865 1182 2931 Cum
1208 2865 1251 2931 Μ·
1275 2866 1328 2946 Νι,
1352 2865 1449 2933 Ρ1ῐο1

220 3012 342 3047 mesum-
393 2976 506 3037 noster
551 2970 640 3055 quod
685 2970 834 3036 dolentes
882 2968 1057 3035 referimus
1102 3004 1192 3017 —-
1227 2967 1280 3033 die
1322 2971 1446 3035 mensis

220 3066 352 3114 monento
394 3108 482 3123 --
525 3072 613 3138 diem
654 3093 750 3137 suum
782 3072 903 3138 clausit
935 3076 1130 3149 extremum,
1169 3092 1228 3136 vos
1265 3070 1447 3137 Custodem
1563 3086 1568 3091 ’

222 3129 266 3179 tbe
276 3130 342 3181 elec·

218 3195 275 3245 ¹tion
288 3196 343 3247 ofr
394 3176 639 3263 praemunimus,
672 3174 706 3241 'et
729 3197 786 3261 per
824 3197 883 3240 vos
917 3173 1065 3261 singulos
1095 3173 1280 3240 confratres
1316 3182 1448 3241 nostros

223 3262 302 3313 Prior.
395 3279 496 3344 socios
532 3282 657 3363 vestros
687 3278 878 3364 praemuniri
908 3276 1070 3353 volumus,
1092 3277 1251 3362 quatinus
1279 3312 1370 3326 —-n
1391 3278 1447 3345 die

396 3380 517 3445 mensis
562 3414 646 3431 --
695 3379 851 3445 videlicet
895 3380 931 3444 in
979 3378 1063 3445 festo
1109 3415 1197 3428 —
1246 3400 1322 3445 eum
1367 3401 1445 3446 con·

394 3482 579 3548 tinuatione
628 3488 661 3547 et
707 3482 941 3569 prorogatione
994 3482 1123 3547 dierum
1168 3482 1445 3569 subsequentium

393 3584 619 3671 compareatis,
665 3590 699 3651 et
752 3590 941 3672 compareat
985 3605 1099 3649 eorum
1144 3582 1295 3669 quilibet,
1332 3606 1443 3651 coram

329 3732 334 3737 -
394 3689 665 3756 reverendissimo
697 3690 733 3755 in
764 3690 899 3757 Christo
932 3694 1026 3777 patre
1060 3694 1094 3755 et
1127 3689 1269 3768 domino,
1302 3691 1446 3759 Domino

394 3798 505 3860 nostro
541 3792 774 3859 Cantuariensi
806 3792 1070 3879 Archiepiscopo,
1101 3814 1169 3857 una
1202 3794 1374 3861 nobiscum
1407 3796 1444 3862 in

393 3896 490 3961 domo
521 3899 635 3959 nostra
668 3893 853 3980 capitulari,
887 3894 1018 3971 facturi,
1055 3896 1167 3975 visuri,
1202 3900 1238 3961 et
1270 3899 1443 3983 recepturi,

393 3998 482 4083 quod
499 3998 600 4082 juxta
632 4019 753 4062 morem
786 3997 946 4083 praeteriti
982 3998 1140 4083 temporis
1171 3998 1236 4063 erit
1264 4020 1441 4065 consonum

394 4100 524 4165 rationi.
571 4100 615 4163 Et
637 4100 717 4183 quid
753 4101 788 4164 in
815 4098 878 4164 hac
909 4106 1002 4187 parte
1026 4100 1180 4177 feceritis,
1202 4100 1300 4167 dietis
1332 4102 1387 4167 die
1409 4111 1444 4167 et

394 4204 464 4268 loco
486 4224 545 4265 nos
577 4200 764 4282 certificetis
787 4224 863 4288 per.
878 4202 1009 4269 litteras
1039 4212 1167 4268 vestras
1189 4203 1445 4283 certificatorias,

394 4304 503 4389 sigillo
534 4302 595 4367 sub
627 4303 804 4381 autentico,
826 4302 945 4369 harum
980 4304 1097 4369 seriem
1128 4306 1346 4384 continentes,
1369 4329 1443 4373 eum

274 4475 279 4487 ,
394 4406 583 4471 nominibus
606 4410 641 4471 et
656 4402 913 4491 'cognominibus
928 4405 1070 4473 fratrum
1091 4413 1279 4473 nostrorum
1296 4408 1445 4497 legitime

394 4507 689 4599 praemunitorum
722 4505 798 4573 Dat.
823 4507 932 4586 Cant,
955 4513 1015 4574 etc.
