3309 5859
618 911 912 963 currusmmsrs.
1253 903 1294 966 65

238 1114 282 1187 et,
303 1111 339 1176 in
360 1118 578 1198 augmentum
610 1115 722 1179 meriti
756 1113 891 1200 majoris
914 1119 949 1179 et
980 1115 1108 1200 praemii
1132 1113 1294 1202 specialia,

239 1212 426 1296 hujusmodi
464 1215 698 1281 liberalitatem
733 1217 858 1303 regiam
882 1216 1129 1302 progenitorum
1169 1222 1295 1282 vestro-

241 1335 312 1378 rum
347 1337 406 1400 per
439 1322 569 1382 vestras
599 1322 751 1403 patentes
782 1318 911 1383 litteras
934 1317 1117 1403 dignemini
1140 1317 1296 1383 confirm-

242 1437 304 1482 are.
363 1418 433 1482 Nos
456 1440 534 1484 vero
564 1418 648 1507 Regi
673 1421 798 1507 Regum
828 1421 1000 1486 Altissimo
1031 1441 1090 1508 pro
1122 1421 1296 1487 ineolumi-

241 1526 311 1584 tate
326 1521 417 1606 regia
439 1521 599 1587 celsitudo
614 1521 747 1589 vestral
770 1523 895 1588 hostias
920 1513 1086 1588 offerimus
1103 1523 1158 1588 tro.
1206 1523 1295 1588 Data

240 1627 299 1688 eta
323 1623 430 1709 primo
453 1625 507 1689 die
529 1627 650 1690 mensis
681 1625 777 1690 Junii
800 1645 889 1691 anno
912 1623 1049 1690 Domini
1072 1630 1112 1690 ut
1135 1647 1244 1713 supra

368 1905 769 1970 aa-Psocomroamu
791 1917 859 1968 eno
882 1921 978 1968 vrurs
1002 1904 1179 1970 Faunorn.
1334 1897 1430 2014 ¹13¹&

287 2052 461 2119 Universis
492 2060 607 2140 pateat
640 2077 700 2141 per
722 2059 903 2142 praesentes
926 2055 1015 2140 quod
1038 2077 1098 2120 nos
1124 2053 1290 2120 Henricus
1316 2088 1345 2136 L,
1361 2093 1442 2139 ,334

241 2161 310 2231 etc,
333 2155 472 2221 fecimus
503 2164 537 2222 et
575 2159 808 2222 constituimus
840 2179 899 2243 per
937 2163 1115 2243 praesentes
1153 2157 1324 2224 dilectos
1304 2204 1411 2254 nuere
1413 2221 1442 2253 or

242 2259 366 2323 nobis
358 2281 393 2323 m
409 2260 543 2326 Christo
565 2259 745 2326 Dominum
768 2259 956 2327 Johannem
981 2261 1115 2347 Launge
1141 2261 1226 2325 milit
1212 2267 1290 2340 tem,
1303 2269 1450 2335 anuihup

242 2359 485 2426 ctJohannem
509 2363 635 2428 dictum
651 2360 839 2449 Angliouur,
856 2384 894 2428 ao
910 2363 1035 2428 Robert
1021 2369 1092 2427 tum
1116 2361 1156 2426 de
1174 2363 1313 2448 Longo·
1302 2345 1342 2386 Ἢ
1353 2353 1395 2400 ’Ψ

1321 2404 1373 2453 oint
1389 2405 1461 2454 three

243 2461 400 2536 Jumello,
438 2465 526 2529 cives
572 2465 782 2541 Parisienses‚
817 2469 1044 2552 procuratores
1082 2471 1210 2530 nostros
1244 2417 1406 2531 iitizenset
1420 2472 1448 2520 or

244 2566 380 2630 nuncios
404 2567 570 2684 speciales,
602 2568 806 2654 conjunctim
838 2573 872 2632 ct
895 2569 1087 2634 divisimet
1073 2569 1292 2654 tquemlibet
1305 2538 1463 2668 fflffit

245 2666 389 2752 ipsorum
422 2669 458 2732 in
491 2670 643 2747 solidum,
666 2669 709 2735 ad
744 2670 923 2756 petendum
963 2677 995 2736 et
1032 2670 1312 2756 recuperandum
1305 2687 1330 2718 ¹¹¹
1343 2672 1434 2784 ⁰⁰l¹¹¹0⁰t

244 2768 376 2832 nomine
413 2774 535 2846 nostro,
573 2793 594 2834 a
632 2771 890 2857 quibuscunque,
930 2771 1008 2835 vina
1045 2777 1080 2836 et
1111 2772 1177 2836 alia
1207 2735 1454 2854 Βοηαζὲἱζοῗςῒ

244 2876 365 2947 nostra,
387 2893 426 2937 ac
458 2873 559 2937 etiam
597 2875 764 2959 arreragia
797 2874 987 2952 eorundem,
1004 2897 1077 2960 quae
1101 2876 1196 2940 nobis
1235 2878 1290 2940 de-
1308 2870 1428 2919 Th⁰¹¹¹⁰⁵

245 2975 364 3039 bentur
387 2976 423 3040 in
446 2997 546 3062 regno
581 2975 731 3041 Francius
764 3000 807 3042 ex
845 2978 1023 3064 largicione
1062 2977 1197 3043 celebris
1229 3002 1293 3044 rne-

246 3077 358 3142 moriae
396 3077 559 3145 Ludovioi
605 3081 774 3164 quondam
833 3079 934 3166 Regis
981 3071 1182 3146 Francorum
1244 3083 1295 3165 (ac

244 3201 513 3268 quorumcunque
547 3183 796 3268 progenitorum
819 3180 992 3264 ειιοηιιη).2
1037 3183 1082 3246 Et
1106 3184 1148 3248 ad
1172 3183 1295 3249 facien-

246 3283 325 3347 dum
347 3283 554 3348 solventibus
577 3283 791 3349 rationabiles
813 3284 1055 3369 acquietancias
1079 3285 1119 3349 de
1142 3287 1294 3350 omnibus

246 3386 384 3471 receptis
417 3392 452 3450 et
483 3386 700 3471 recipiendis3
738 3394 848 3452 ratum
883 3387 1032 3452 habituri
1055 3387 1213 3474 quicquid
1238 3411 1295 3474 per

246 3488 377 3551 eosdem
403 3494 633 3574 procuratores
658 3494 798 3566 nostros,
813 3489 869 3554 vel
891 3511 995 3554 unum
1012 3488 1168 3576 ipsorum,
1184 3499 1294 3556 actum

245 3589 398 3654 fueritin
420 3591 606 3677 praemissis,
629 3613 689 3657 seu
705 3592 807 3657 etiam
823 3593 1025 3678 expeditum.
1073 3593 1296 3660 Praesentibus

244 3697 319 3778 post
343 3699 416 3759 octo
440 3714 568 3760 menses
583 3695 718 3760 minime
735 3694 897 3760 valituris.
944 3696 1033 3760 Data
1049 3697 1103 3762 uc.
1120 3698 1226 3783 primo
1242 3698 1295 3762 die

244 3795 351 3873 Junii,
366 3815 455 3860 anno
476 3794 613 3862 Domini
637 3813 822 3868 uocoxxrr.

741 4099 793 4168 70.

291 4307 338 4372 To
360 4309 413 4374 his
436 4331 518 4396 very
534 4312 613 4378 dear
634 4312 701 4377 and
725 4315 816 4380 well·
816 4316 987 4382 belovcd
979 4339 1013 4382 m
1030 4318 1103 4384 (lod
1127 4319 1183 4384 the
1200 4321 1296 4385 Sieur

245 4409 335 4475 John
360 4412 543 4499 L'Anglais,
559 4416 732 4540 Burgess
725 4418 763 4482 of
781 4419 885 4496 Paris,
909 4421 1026 4506 Henry
1041 4421 1101 4545 tlre
1123 4423 1223 4546 lnior,
1239 4425 1295 4490 &a

246 4529 319 4537 -
346 4531 377 4536 -..
383 4531 558 4539 -.--..-...-

282 4564 289 4595 ¹
305 4565 361 4615 Tho
373 4567 463 4630 phrase
474 4568 608 4634 ongrnally
615 4571 689 4619 stood
696 4587 747 4634 pro

247 4643 417 4694 incolumitate
438 4652 530 4707 uestra,
543 4650 591 4697 but
610 4649 654 4698 tho
666 4649 750 4700 writer

246 4723 272 4772 in
285 4724 393 4790 making
413 4725 453 4772 bia
473 4726 660 4776 interlineation
674 4739 749 4779 wrote

246 4803 320 4866 regia
340 4802 462 4851 celsitudo
478 4805 505 4852 in
524 4805 568 4854 the
588 4805 751 4868 nominative,

246 4881 306 4930 thus
317 4881 442 4945 throning
451 4882 490 4932 bia
504 4889 598 4948 syntax
617 4885 672 4934 into
689 4901 737 4935 con

244 4959 337 5008 fusion.

827 4611 910 4661 2’[Ἰιε
942 4613 1057 4661 words
1050 4629 1075 4662 rn
1104 4615 1222 4665 brackets
1251 4632 1294 4668 ure

796 4692 879 4739 arldcrl
903 4692 928 4740 ln
951 4693 994 4741 the
1018 4691 1117 4758 writing
1139 4693 1167 4743 of
1182 4695 1294 4744 Willinm

800 4771 915 4835 Sellyng,
944 4772 1001 4821 who
1029 4789 1081 4822 was
1109 4773 1182 4822 Prior
1202 4773 1231 4823 ol
1250 4777 1295 4825 the

797 4849 945 4914 Monostery
959 4851 1040 4901 attha
1058 4853 1107 4900 end
1127 4852 1159 4901 ol
1173 4853 1215 4902 the
1237 4855 1296 4903 15th

797 4935 910 4992 century.

343 5049 371 5100 U
400 5055 491 5100 arara
1137 5077 1158 5123 Ε
