3309 5859
446 851 512 914 324
896 869 1029 918 man

445 1079 541 1122 suum
576 1059 726 1126 evacuari
750 1060 927 1140 serarium,l
948 1067 1000 1126 set
1030 1083 1110 1150 eum¹
1128 1062 1232 1126 etiarn
1254 1059 1406 1146 oportuit
1428 1059 1507 1122 sub-

446 1161 577 1226 mittere
601 1161 780 1247 pecudibus
814 1170 849 1228 et
882 1163 1149 1250 importabilibus
1182 1163 1339 1228 oneribus
1371 1162 1506 1225 debito-

446 1283 528 1328 rum.
575 1262 724 1350 Cumque
749 1266 916 1351 premissa
938 1266 1009 1330 sine
1032 1263 1166 1330 Sanctae
1202 1264 1321 1329 Matris
1344 1263 1505 1328 Ecclesiae

446 1364 591 1430 subsidio
626 1367 758 1432 comode
782 1372 932 1454 nequeat,
967 1368 1053 1432 sicut
1087 1367 1220 1454 praefati
1252 1373 1505 1453 proposuerunt

445 1468 565 1544 nuntii,
604 1467 792 1555 adimplere,
832 1469 935 1547 uobis,
974 1492 1033 1556 pro
1083 1475 1177 1556 parte
1214 1470 1301 1555 regis
1340 1469 1502 1555 ejusdem,

448 1569 616 1634 humiliter
647 1571 886 1657 supplicarunt,
924 1579 964 1637 ut
1000 1573 1043 1638 ad
1081 1573 1249 1658 praedicte,
1287 1594 1421 1638 necnon
1458 1572 1502 1634 eal

449 1669 614 1736 incensum
650 1693 748 1758 quem
781 1672 893 1738 idem2
928 1695 988 1738 rex
1026 1675 1113 1759 gerit
1143 1674 1300 1740 affectum
1338 1673 1438 1738 nobis
1469 1680 1502 1734 et

451 1772 602 1840 Ecclesiae
633 1775 866 1862 complacendi,
888 1785 1039 1841 nostrum
1072 1776 1235 1840 intuitum
1258 1780 1505 1850 convertentes,

272 1879 415 1970 eudemon
451 1877 576 1960 aperire
616 1878 679 1942 sibi
725 1879 835 1942 sinum
872 1885 993 1944 nostrus
1031 1877 1284 1956 benevolentiae,
1314 1878 1352 1940 in
1398 1883 1504 1941 canae

270 1946 419 2068 ξῗξῑὲζζξζζῖ
452 1979 655 2044 necessitatis
693 1980 840 2056 articulo,
864 1981 1082 2065 dignaremur.
1128 1979 1200 2044 Nos
1233 1980 1408 2068 praemissa
1430 1977 1504 2041 dili·

448 2080 581 2164 gentins
614 2081 832 2159 attendentes
866 2081 944 2147 licet
981 2081 1118 2168 praefato
1150 2082 1220 2168 regi
1260 2081 1504 2166 compatiamur

447 2183 586 2246 internis
611 2183 783 2248 allectibus
806 2206 904 2270 super
926 2184 983 2258 eie,
1007 2184 1252 2250 considerantes
1277 2188 1391 2248 tamen
1416 2181 1501 2246 mul·

446 2284 571 2370 tiplicie
594 2306 693 2351 onere
716 2308 933 2372 expensarum
956 2287 1077 2372 quibus
1100 2286 1245 2352 Ecclesia
1275 2286 1439 2362 Romana,
1459 2283 1501 2347 ob

446 2386 681 2466 haeretieorum,
717 2395 751 2454 et
788 2388 1040 2464 cismaticorum,
1074 2410 1112 2452 ne
1149 2381 1324 2452 rebellium
1366 2409 1499 2451 suorum

447 2490 612 2556 furentem
637 2492 800 2556 sevitiam
834 2499 868 2556 et
899 2492 1175 2556 intumescentem
1209 2490 1408 2578 superbiam,
1443 2490 1499 2574 qui

273 2573 402 2704 ἓξὲξ·
450 2592 629 2658 Ecclesiam
653 2593 756 2680 ipsam
791 2593 969 2660 crudeliter
1003 2601 1038 2658 et
1060 2593 1252 2658 immaniter
1285 2593 1443 2680 prosequi
1465 2603 1497 2656 et

272 2706 383 2756 thartha
448 2693 629 2774 molestare,
668 2697 832 2782 fidemque
870 2695 1066 2762 catholicam
1104 2696 1272 2782 impetere,
1318 2694 1496 2780 periculose

270 2771 380 2888 ffiffi
392 2853 421 2888 as
448 2798 588 2862 nimium
612 2799 647 2862 in
670 2800 822 2883 partibus
845 2799 955 2864 Italiae
977 2803 1260 2885 praesumpserunt
1282 2797 1450 2873 hactenus,
1465 2804 1496 2860 et

273 2905 349 2953 muca
363 2904 409 2953 im·
449 2899 649 2966 incessanter
671 2907 886 2986 presumunt,
909 2906 1116 2986 praegravata
1148 2900 1266 2965 extitit
1296 2900 1495 2985 quampluri-

272 2971 422 3086 ffig'hffl
449 3024 549 3080 mum,
573 3009 607 3068 ct
629 3010 789 3089 gravatur
810 3003 968 3069 continue
991 3025 1089 3089 super
1111 3003 1218 3082 vires3
1239 3023 1368 3067 necnon
1382 3002 1495 3088 grauis

274 3103 386 3166 ungor
449 3105 593 3192 pericula
616 3106 735 3190 quibus
759 3105 904 3171 Ecclesia
927 3111 1108 3170 memorata
1129 3113 1164 3169 et
1186 3104 1269 3168 fides
1292 3103 1365 3189 ipsa
1387 3104 1495 3169 catbo

273 3171 390 3232 ΨΜ
448 3208 512 3273 lica
533 3209 783 3294 subjicerentur,
807 3209 835 3272 si
859 3212 994 3294 propter
1016 3207 1179 3272 defectum
1203 3227 1432 3291 emensam,
1453 3206 1494 3270 ad

448 3333 529 3396 quas
568 3310 803 3376 ministrandas
854 3317 1034 3396 proventus
1071 3315 1193 3374 nestrae
1231 3307 1380 3374 Camere
1417 3317 1492 3372 sunt

448 3412 549 3476 exiles
587 3413 737 3488 nimium,
776 3413 961 3488 indefensae,
1000 3412 1087 3497 quod
1124 3416 1256 3476 avertat
1293 3411 1490 3486 Altissimus,

448 3521 662 3591 remanerent,
688 3514 844 3599 diligenti
868 3510 1084 3578 meditatione
1111 3518 1295 3599 pensantes
1318 3513 1494 3598 providere,

448 3617 621 3681 assistente
645 3618 739 3681 nobis
763 3617 880 3682 divina
901 3617 999 3702 gatia,
1023 3615 1191 3701 cupimus;
1214 3614 1304 3699 quod
1325 3615 1492 3700 utriusque

448 3720 708 3796 necessitatibus
733 3719 898 3797 videlicet,
920 3719 1067 3803 ejusdem
1100 3716 1255 3782 Ecclesiae
1286 3739 1386 3803 super
1415 3739 1491 3802 prce·

448 3821 545 3886 dictis
568 3823 636 3887 suis
660 3823 825 3903 onmihm,
848 3843 886 3887 ac
908 3821 994 3907 regis
1016 3819 1158 3906 praefati,
1181 3825 1221 3883 ut
1253 3841 1352 3884 suum
1383 3820 1490 3904 utique

448 3923 519 3988 Deo
558 3931 698 4009 gratum,
738 3925 824 3992 circa
861 3947 900 3988 ea
944 3945 1018 4010 quae
1064 3921 1212 4008 praedicti
1258 3933 1491 4008 proposuerunt

317 4104 323 4115 ·
448 4025 569 4103 nuntii,
595 4027 793 4092 desiderium
817 4025 990 4112 adimpleri
1025 4024 1193 4091 comodius
1225 4025 1346 4100 valeat,
1369 4025 1487 4110 aliqua·

270 4105 381 4222 ᾖξξιζῆᾗζ
449 4128 527 4192 liter
550 4127 749 4194 consulatur.
796 4128 876 4193 Ideo
914 4127 1150 4193 deliberatione
1183 4149 1258 4192 cum
1288 4128 1412 4191 nostris
1433 4127 1492 4191 fm-

273 4237 402 4321 elerryol
450 4230 557 4294 tribus
580 4230 765 4316 prehabito
787 4251 886 4315 super
908 4229 973 4293 hiis
989 4229 1150 4315 diligenti,
1166 4229 1327 4294 decimum
1351 4230 1491 4294 omnium

271 4306 387 4367 ΗΜ
452 4339 633 4398 vestrorum
660 4338 694 4397 et
717 4332 856 4396 aliorum
880 4338 1102 4416 proventuum
1126 4333 1160 4395 et
1181 4330 1375 4396 reddituum
1398 4331 1487 4397 eccle·

268 4337 334 4420 eliel}
347 4371 387 4420 lor

269 4437 414 4503 fouryears
452 4436 669 4515 nauticorum,
692 4435 728 4498 in
751 4456 853 4520 regno
876 4434 1016 4519 Angliae,
1040 4439 1075 4499 et
1098 4432 1237 4511 walliae,
1260 4439 1297 4498 et
1321 4434 1490 4510 Hiberniae,

269 4519 319 4569 ⁹¹¹5
330 4504 429 4554 utente
450 4537 546 4602 terris
570 4540 603 4601 et
626 4536 775 4624 partibus
798 4535 975 4622 praedictis,
998 4535 1257 4614 consistentium,
1273 4558 1333 4620 per
1355 4543 1487 4620 quatuor

479 4795 485 4827 ¹
505 4795 637 4854 emortum,
652 4795 707 4849 ΜΞ.
982 4794 987 4861 Ι
1034 4794 1044 4823 ²
1062 4795 1142 4852 iidem,
1154 4793 1208 4842 Me.
