<?xml version="1.0" encoding="UTF-8"?>
<!DOCTYPE html PUBLIC "-//W3C//DTD XHTML 1.0 Transitional//EN"
    "http://www.w3.org/TR/xhtml1/DTD/xhtml1-transitional.dtd">
<html xmlns="http://www.w3.org/1999/xhtml" xml:lang="en" lang="en">
 <head>
  <title>
</title>
<meta http-equiv="Content-Type" content="text/html;charset=utf-8" />
  <meta name='ocr-system' content='tesseract 3.04.00' />
  <meta name='ocr-capabilities' content='ocr_page ocr_carea ocr_par ocr_line ocrx_word'/>
</head>
<body>
  <div class='ocr_page' id='page_1' title='image "./literaecantuari01shepgoog_0544.png"; bbox 0 0 3309 5859; ppageno 0'>
   <div class='ocr_carea' id='block_1_1' title="bbox 511 895 1184 960">
    <p class='ocr_par' dir='ltr' id='par_1_1' title="bbox 511 895 1184 960">
     <span class='ocr_line' id='line_1_1' title="bbox 511 895 1184 960; baseline 0.003 -3"><span class='ocrx_word' id='word_1_1' title='bbox 511 905 805 960; x_wconf 73' lang='lat' dir='ltr'>canrunmunsas.</span> <span class='ocrx_word' id='word_1_2' title='bbox 1121 895 1184 960; x_wconf 75' lang='lat'>441</span> 
     </span>
    </p>
   </div>
   <div class='ocr_carea' id='block_1_2' title="bbox 99 1093 1189 1340">
    <p class='ocr_par' dir='ltr' id='par_1_2' title="bbox 99 1093 1189 1340">
     <span class='ocr_line' id='line_1_2' title="bbox 145 1093 1189 1169; baseline -0.002 -17"><span class='ocrx_word' id='word_1_3' title='bbox 145 1096 226 1154; x_wconf 78' lang='lat' dir='ltr'>Ista</span> <span class='ocrx_word' id='word_1_4' title='bbox 253 1093 351 1152; x_wconf 77' lang='lat' dir='ltr'>forma</span> <span class='ocrx_word' id='word_1_5' title='bbox 376 1093 507 1167; x_wconf 82' lang='lat' dir='ltr'>proxime</span> <span class='ocrx_word' id='word_1_6' title='bbox 532 1095 706 1168; x_wconf 83' lang='lat' dir='ltr'>praescripta</span> <span class='ocrx_word' id='word_1_7' title='bbox 733 1115 793 1153; x_wconf 88' lang='lat' dir='ltr'>non</span> <span class='ocrx_word' id='word_1_8' title='bbox 817 1095 931 1169; x_wconf 85' lang='lat' dir='ltr'>placuit</span> <span class='ocrx_word' id='word_1_9' title='bbox 956 1096 1111 1161; x_wconf 84' lang='lat' dir='ltr'>fratribus,</span> <span class='ocrx_word' id='word_1_10' title='bbox 1130 1112 1189 1166; x_wconf 89' lang='lat' dir='ltr'>qua</span> 
     </span>
     <span class='ocr_line' id='line_1_3' title="bbox 99 1177 1185 1252; baseline -0.001 -16"><span class='ocrx_word' id='word_1_11' title='bbox 99 1179 241 1236; x_wconf 86' lang='lat' dir='ltr'>ratione</span> <span class='ocrx_word' id='word_1_12' title='bbox 270 1177 355 1233; x_wconf 87' lang='lat' dir='ltr'><strong>Prior</strong></span> <span class='ocrx_word' id='word_1_13' title='bbox 382 1177 500 1249; x_wconf 86' lang='lat' dir='ltr'>scripsit</span> <span class='ocrx_word' id='word_1_14' title='bbox 526 1178 620 1234; x_wconf 89' lang='lat' dir='ltr'>eidem</span> <span class='ocrx_word' id='word_1_15' title='bbox 633 1177 760 1236; x_wconf 89' lang='lat' dir='ltr'>Domino</span> <span class='ocrx_word' id='word_1_16' title='bbox 778 1179 1005 1252; x_wconf 84' lang='lat' dir='ltr'>Archiepisoopo</span> <span class='ocrx_word' id='word_1_17' title='bbox 1018 1179 1072 1236; x_wconf 85' lang='lat' dir='ltr'>sub</span> <span class='ocrx_word' id='word_1_18' title='bbox 1090 1179 1185 1238; x_wconf 82' lang='lat' dir='ltr'>forma</span> 
     </span>
     <span class='ocr_line' id='line_1_4' title="bbox 103 1259 790 1340; baseline 0.001 -23"><span class='ocrx_word' id='word_1_19' title='bbox 103 1279 213 1340; x_wconf 87' lang='lat' dir='ltr'>quam</span> <span class='ocrx_word' id='word_1_20' title='bbox 234 1259 371 1319; x_wconf 84' lang='lat' dir='ltr'>continet</span> <span class='ocrx_word' id='word_1_21' title='bbox 388 1259 489 1320; x_wconf 89' lang='lat' dir='ltr'>littera</span> <span class='ocrx_word' id='word_1_22' title='bbox 505 1259 638 1334; x_wconf 87' lang='lat' dir='ltr'>proxime</span> <span class='ocrx_word' id='word_1_23' title='bbox 657 1276 790 1336; x_wconf 87' lang='lat' dir='ltr'>sequens.</span> 
     </span>
    </p>
   </div>
   <div class='ocr_carea' id='block_1_3' title="bbox 291 1529 1330 1670">
    <p class='ocr_par' dir='ltr' id='par_1_3' title="bbox 291 1529 1330 1670">
     <span class='ocr_line' id='line_1_5' title="bbox 291 1529 1330 1670; baseline -0.001 -75"><span class='ocrx_word' id='word_1_24' title='bbox 291 1529 558 1596; x_wconf 69' lang='lat' dir='ltr'>til-Dorum</span> <span class='ocrx_word' id='word_1_25' title='bbox 582 1529 1027 1644; x_wconf 64' lang='lat' dir='ltr'>Sruonraacmrrrscoro.</span> <span class='ocrx_word' id='word_1_26' title='bbox 1224 1538 1330 1670; x_wconf 44' lang='lat' dir='ltr'>{14⁸}ss</span> 
     </span>
    </p>
   </div>
   <div class='ocr_carea' id='block_1_4' title="bbox 115 1703 1341 2305">
    <p class='ocr_par' dir='ltr' id='par_1_4' title="bbox 115 1703 1341 2305">
     <span class='ocr_line' id='line_1_6' title="bbox 166 1703 1306 1772; baseline 0 -2"><span class='ocrx_word' id='word_1_27' title='bbox 166 1703 367 1770; x_wconf 76' lang='lat' dir='ltr'>Venerabili</span> <span class='ocrx_word' id='word_1_28' title='bbox 399 1703 436 1768; x_wconf 91' lang='lat' dir='ltr'>in</span> <span class='ocrx_word' id='word_1_29' title='bbox 459 1703 594 1770; x_wconf 84' lang='lat' dir='ltr'>Christo</span> <span class='ocrx_word' id='word_1_30' title='bbox 625 1704 793 1772; x_wconf 80' lang='lat' dir='ltr'>Patriae</span> <span class='ocrx_word' id='word_1_31' title='bbox 825 1705 968 1771; x_wconf 90' lang='lat' dir='ltr'>Domino</span> <span class='ocrx_word' id='word_1_32' title='bbox 1000 1726 1061 1772; x_wconf 87' lang='lat' dir='ltr'>suo</span> <span class='ocrx_word' id='word_1_33' title='bbox 1094 1727 1185 1772; x_wconf 86' lang='lat' dir='ltr'>reve·</span> <span class='ocrx_word' id='word_1_34' title='bbox 1201 1717 1306 1771; x_wconf 66' lang='lat' dir='ltr'>anea.</span> 
     </span>
     <span class='ocr_line' id='line_1_7' title="bbox 115 1805 1337 1908; baseline -0.002 -34"><span class='ocrx_word' id='word_1_35' title='bbox 115 1807 232 1874; x_wconf 88' lang='lat' dir='ltr'>rende</span> <span class='ocrx_word' id='word_1_36' title='bbox 255 1806 401 1874; x_wconf 88' lang='lat' dir='ltr'>Domino</span> <span class='ocrx_word' id='word_1_37' title='bbox 423 1805 551 1874; x_wconf 86' lang='lat' dir='ltr'>Simoni</span> <span class='ocrx_word' id='word_1_38' title='bbox 574 1806 638 1872; x_wconf 91' lang='lat' dir='ltr'>Dei</span> <span class='ocrx_word' id='word_1_39' title='bbox 667 1808 778 1894; x_wconf 85' lang='lat' dir='ltr'>gratia</span> <span class='ocrx_word' id='word_1_40' title='bbox 808 1807 1042 1874; x_wconf 85' lang='lat' dir='ltr'>Oantuariensi</span> <span class='ocrx_word' id='word_1_41' title='bbox 1065 1808 1183 1875; x_wconf 80' lang='lat' dir='ltr'>Archi-</span> <span class='ocrx_word' id='word_1_42' title='bbox 1198 1855 1337 1908; x_wconf 67' lang='lat' dir='ltr'>mernor</span> 
     </span>
     <span class='ocr_line' id='line_1_8' title="bbox 119 1909 1341 1996; baseline -0.004 -16"><span class='ocrx_word' id='word_1_43' title='bbox 119 1911 292 1996; x_wconf 84' lang='lat' dir='ltr'>episcopo,</span> <span class='ocrx_word' id='word_1_44' title='bbox 323 1913 384 1978; x_wconf 89' lang='lat' dir='ltr'>etc.</span> <span class='ocrx_word' id='word_1_45' title='bbox 407 1930 487 1976; x_wconf 86' lang='lat' dir='ltr'>suus</span> <span class='ocrx_word' id='word_1_46' title='bbox 510 1909 645 1975; x_wconf 90' lang='lat' dir='ltr'>humilis</span> <span class='ocrx_word' id='word_1_47' title='bbox 669 1915 702 1975; x_wconf 88' lang='lat' dir='ltr'>et</span> <span class='ocrx_word' id='word_1_48' title='bbox 733 1912 874 1978; x_wconf 87' lang='lat' dir='ltr'>devotus</span> <span class='ocrx_word' id='word_1_49' title='bbox 905 1911 996 1976; x_wconf 88' lang='lat' dir='ltr'>filius</span> <span class='ocrx_word' id='word_1_50' title='bbox 1024 1911 1185 1978; x_wconf 87' lang='lat' dir='ltr'>Ricardus</span> <span class='ocrx_word' id='word_1_51' title='bbox 1197 1922 1284 1986; x_wconf 75' lang='lat' dir='ltr'>points</span> <span class='ocrx_word' id='word_1_52' title='bbox 1295 1931 1341 1975; x_wconf 86' lang='lat' dir='ltr'>out</span> 
     </span>
     <span class='ocr_line' id='line_1_9' title="bbox 123 1988 1283 2104; baseline -0.002 -25"><span class='ocrx_word' id='word_1_53' title='bbox 123 2013 239 2090; x_wconf 85' lang='lat' dir='ltr'>Prior,</span> <span class='ocrx_word' id='word_1_54' title='bbox 263 2017 325 2079; x_wconf 88' lang='lat' dir='ltr'>etc.</span> <span class='ocrx_word' id='word_1_55' title='bbox 359 2012 582 2078; x_wconf 74' lang='lat' dir='ltr'>obedientiam</span> <span class='ocrx_word' id='word_1_56' title='bbox 617 2019 688 2080; x_wconf 83' lang='lat' dir='ltr'>tam</span> <span class='ocrx_word' id='word_1_57' title='bbox 722 2013 877 2079; x_wconf 88' lang='lat' dir='ltr'>devotam</span> <span class='ocrx_word' id='word_1_58' title='bbox 903 2035 1003 2100; x_wconf 89' lang='lat' dir='ltr'>quam</span> <span class='ocrx_word' id='word_1_59' title='bbox 1026 2014 1184 2092; x_wconf 78' lang='lat' dir='ltr'>debitam,</span> <span class='ocrx_word' id='word_1_60' title='bbox 1197 1988 1283 2104; x_wconf 49' lang='lat'>222⁰</span> 
     </span>
     <span class='ocr_line' id='line_1_10' title="bbox 124 2114 1289 2199; baseline 0 -15"><span class='ocrx_word' id='word_1_61' title='bbox 124 2136 207 2184; x_wconf 85' lang='lat' dir='ltr'>curn</span> <span class='ocrx_word' id='word_1_62' title='bbox 226 2115 319 2180; x_wconf 91' lang='lat' dir='ltr'>omni</span> <span class='ocrx_word' id='word_1_63' title='bbox 335 2114 523 2182; x_wconf 90' lang='lat' dir='ltr'>reverentia</span> <span class='ocrx_word' id='word_1_64' title='bbox 545 2120 580 2182; x_wconf 89' lang='lat' dir='ltr'>et</span> <span class='ocrx_word' id='word_1_65' title='bbox 601 2114 734 2180; x_wconf 91' lang='lat' dir='ltr'>honore.</span> <span class='ocrx_word' id='word_1_66' title='bbox 781 2115 980 2181; x_wconf 90' lang='lat' dir='ltr'>Mandatum</span> <span class='ocrx_word' id='word_1_67' title='bbox 995 2117 1289 2199; x_wconf 67' lang='lat' dir='ltr'>reverendaebishor</span> 
     </span>
     <span class='ocr_line' id='line_1_11' title="bbox 126 2187 1331 2305; baseline 0 -24"><span class='ocrx_word' id='word_1_68' title='bbox 126 2215 356 2281; x_wconf 83' lang='lat' dir='ltr'>Paternitatis</span> <span class='ocrx_word' id='word_1_69' title='bbox 400 2221 530 2294; x_wconf 74' lang='lat' dir='ltr'>vestrae,</span> <span class='ocrx_word' id='word_1_70' title='bbox 577 2217 656 2301; x_wconf 80' lang='lat' dir='ltr'>xiijo</span> <span class='ocrx_word' id='word_1_71' title='bbox 695 2216 865 2283; x_wconf 80' lang='lat' dir='ltr'><strong>Kalendas</strong></span> <span class='ocrx_word' id='word_1_72' title='bbox 904 2217 1028 2295; x_wconf 87' lang='lat' dir='ltr'>Martii,</span> <span class='ocrx_word' id='word_1_73' title='bbox 1067 2218 1185 2305; x_wconf 85' lang='lat' dir='ltr'>recepi,</span> <span class='ocrx_word' id='word_1_74' title='bbox 1197 2187 1331 2305; x_wconf 42' lang='grc' dir='ltr'>ἓξὲξ,</span> 
     </span>
    </p>
   </div>
   <div class='ocr_carea' id='block_1_5' title="bbox 127 2317 1420 2404">
    <p class='ocr_par' dir='ltr' id='par_1_5' title="bbox 127 2317 1420 2404">
     <span class='ocr_line' id='line_1_12' title="bbox 127 2317 1420 2404; baseline -0.012 -22"><span class='ocrx_word' id='word_1_75' title='bbox 127 2322 281 2382; x_wconf 90' lang='lat' dir='ltr'>tenorem</span> <span class='ocrx_word' id='word_1_76' title='bbox 305 2317 477 2384; x_wconf 88' lang='lat' dir='ltr'>continens</span> <span class='ocrx_word' id='word_1_77' title='bbox 500 2318 763 2404; x_wconf 86' lang='lat' dir='ltr'>subsequentem.</span> <span class='ocrx_word' id='word_1_78' title='bbox 790 2317 795 2328; x_wconf 91' lang='lat'>&#39;</span> <span class='ocrx_word' id='word_1_79' title='bbox 1198 2320 1333 2371; x_wconf 67' lang='lat' dir='ltr'>ternus-</span> <span class='ocrx_word' id='word_1_80' title='bbox 1418 2357 1420 2361; x_wconf 90' lang='lat'><em>.</em></span> 
     </span>
    </p>
   </div>
   <div class='ocr_carea' id='block_1_6' title="bbox 177 2394 1342 2506">
    <p class='ocr_par' dir='ltr' id='par_1_6' title="bbox 177 2394 1342 2506">
     <span class='ocr_line' id='line_1_13' title="bbox 177 2394 1342 2506; baseline 0.007 -23"><span class='ocrx_word' id='word_1_81' title='bbox 177 2426 194 2453; x_wconf 80' lang='lat'>¹⁴</span> <span class='ocrx_word' id='word_1_82' title='bbox 207 2417 336 2504; x_wconf 87' lang='lat' dir='ltr'>Symon</span> <span class='ocrx_word' id='word_1_83' title='bbox 374 2419 587 2506; x_wconf 79' lang='lat' dir='ltr'>permissione</span> <span class='ocrx_word' id='word_1_84' title='bbox 624 2420 742 2486; x_wconf 88' lang='lat' dir='ltr'>divina</span> <span class='ocrx_word' id='word_1_85' title='bbox 780 2415 1032 2486; x_wconf 81' lang='lat' dir='ltr'>Cantuariensis</span> <span class='ocrx_word' id='word_1_86' title='bbox 1069 2394 1342 2503; x_wconf 49' lang='lat' dir='ltr'>Archi-{ma</span> 
     </span>
    </p>
   </div>
   <div class='ocr_carea' id='block_1_7' title="bbox 132 2519 1333 2608">
    <p class='ocr_par' dir='ltr' id='par_1_7' title="bbox 132 2519 1333 2608">
     <span class='ocr_line' id='line_1_14' title="bbox 132 2519 1333 2608; baseline 0 -23"><span class='ocrx_word' id='word_1_87' title='bbox 132 2519 332 2607; x_wconf 86' lang='lat' dir='ltr'>episeopus,’&#39;</span> <span class='ocrx_word' id='word_1_88' title='bbox 365 2525 425 2587; x_wconf 85' lang='lat' dir='ltr'>etc</span> <span class='ocrx_word' id='word_1_89' title='bbox 459 2527 500 2586; x_wconf 80' lang='lat' dir='ltr'>ut</span> <span class='ocrx_word' id='word_1_90' title='bbox 528 2543 638 2608; x_wconf 78' lang='lat' dir='ltr'>sopra</span> <span class='ocrx_word' id='word_1_91' title='bbox 669 2543 775 2608; x_wconf 80' lang='lat' dir='ltr'>usque</span> <span class='ocrx_word' id='word_1_92' title='bbox 812 2520 861 2588; x_wconf 80' lang='lat' dir='ltr'>od</span> <span class='ocrx_word' id='word_1_93' title='bbox 883 2519 950 2587; x_wconf 82' lang='lat' dir='ltr'>ltoec</span> <span class='ocrx_word' id='word_1_94' title='bbox 982 2520 1100 2590; x_wconf 75' lang='lat' dir='ltr'>carbo:</span> <span class='ocrx_word' id='word_1_95' title='bbox 1123 2527 1186 2588; x_wconf 86' lang='lat' dir='ltr'>“et</span> <span class='ocrx_word' id='word_1_96' title='bbox 1198 2520 1298 2568; x_wconf 70' lang='lat' dir='ltr'>narina</span> <span class='ocrx_word' id='word_1_97' title='bbox 1308 2525 1333 2569; x_wconf 59' lang='grc' dir='ltr'>εἰ</span> 
     </span>
    </p>
   </div>
   <div class='ocr_carea' id='block_1_8' title="bbox 133 2585 1347 2708">
    <p class='ocr_par' dir='ltr' id='par_1_8' title="bbox 133 2585 1347 2708">
     <span class='ocr_line' id='line_1_15' title="bbox 133 2585 1337 2658; baseline 0.006 -30"><span class='ocrx_word' id='word_1_98' title='bbox 133 2629 152 2658; x_wconf 56' lang='lat' dir='ltr'><em>u</em></span> <span class='ocrx_word' id='word_1_99' title='bbox 346 2621 353 2634; x_wconf 90' lang='lat'><strong><em>.</em></strong></span> <span class='ocrx_word' id='word_1_100' title='bbox 404 2621 411 2636; x_wconf 84' lang='lat'><strong>.</strong></span> <span class='ocrx_word' id='word_1_101' title='bbox 730 2622 748 2650; x_wconf 85' lang='lat'>‚‚</span> <span class='ocrx_word' id='word_1_102' title='bbox 1201 2585 1337 2647; x_wconf 66' lang='lat' dir='ltr'>inaurea,</span> 
     </span>
     <span class='ocr_line' id='line_1_16' title="bbox 175 2626 1347 2708; baseline 0.004 -20"><span class='ocrx_word' id='word_1_103' title='bbox 175 2626 431 2688; x_wconf 80' lang='lat' dir='ltr'>conseeratmms</span> <span class='ocrx_word' id='word_1_104' title='bbox 452 2627 576 2688; x_wconf 74' lang='lat' dir='ltr'>nostrae</span> <span class='ocrx_word' id='word_1_105' title='bbox 600 2629 729 2708; x_wconf 91' lang='lat' dir='ltr'>quarto.</span> <span class='ocrx_word' id='word_1_106' title='bbox 1200 2651 1347 2703; x_wconf 72' lang='lat' dir='ltr'>mencin-</span> 
     </span>
    </p>
   </div>
   <div class='ocr_carea' id='block_1_9' title="bbox 44 2719 1327 2912">
    <p class='ocr_par' dir='ltr' id='par_1_9' title="bbox 44 2719 1327 2912">
     <span class='ocr_line' id='line_1_17' title="bbox 44 2719 1327 2811; baseline -0.005 -17"><span class='ocrx_word' id='word_1_107' title='bbox 44 2783 49 2794; x_wconf 88' lang='lat'><em>.</em></span> <span class='ocrx_word' id='word_1_108' title='bbox 181 2723 279 2788; x_wconf 81' lang='lat' dir='ltr'>Istud</span> <span class='ocrx_word' id='word_1_109' title='bbox 312 2723 507 2790; x_wconf 87' lang='lat' dir='ltr'>mandatum</span> <span class='ocrx_word' id='word_1_110' title='bbox 539 2729 688 2790; x_wconf 82' lang='lat' dir='ltr'>vestrum</span> <span class='ocrx_word' id='word_1_111' title='bbox 722 2723 957 2811; x_wconf 74' lang='lat' dir='ltr'>perlegebatur</span> <span class='ocrx_word' id='word_1_112' title='bbox 987 2746 1097 2792; x_wconf 88' lang='lat' dir='ltr'>coram</span> <span class='ocrx_word' id='word_1_113' title='bbox 1117 2725 1188 2792; x_wconf 69' lang='lat' dir='ltr'>ira·</span> <span class='ocrx_word' id='word_1_114' title='bbox 1201 2719 1327 2768; x_wconf 72' lang='lat' dir='ltr'>cloeeesn</span> 
     </span>
     <span class='ocr_line' id='line_1_18' title="bbox 137 2785 1327 2912; baseline -0.003 -22"><span class='ocrx_word' id='word_1_115' title='bbox 137 2825 243 2890; x_wconf 85' lang='lat' dir='ltr'>tribus</span> <span class='ocrx_word' id='word_1_116' title='bbox 275 2825 356 2889; x_wconf 89' lang='lat' dir='ltr'>meis</span> <span class='ocrx_word' id='word_1_117' title='bbox 390 2825 426 2889; x_wconf 92' lang='lat' dir='ltr'>in</span> <span class='ocrx_word' id='word_1_118' title='bbox 461 2825 568 2891; x_wconf 91' lang='lat' dir='ltr'>Domo</span> <span class='ocrx_word' id='word_1_119' title='bbox 605 2823 791 2910; x_wconf 70' lang='lat' dir='ltr'>capitulari</span> <span class='ocrx_word' id='word_1_120' title='bbox 824 2826 1043 2912; x_wconf 82' lang='lat' dir='ltr'>congregatis,</span> <span class='ocrx_word' id='word_1_121' title='bbox 1073 2826 1188 2912; x_wconf 91' lang='lat' dir='ltr'>hujus·</span> <span class='ocrx_word' id='word_1_122' title='bbox 1201 2785 1327 2901; x_wconf 49' lang='lat' dir='ltr'>mig?</span> 
     </span>
    </p>
   </div>
   <div class='ocr_carea' id='block_1_10' title="bbox 138 2918 1332 4846">
    <p class='ocr_par' dir='ltr' id='par_1_10' title="bbox 138 2918 1332 4622">
     <span class='ocr_line' id='line_1_19' title="bbox 138 2918 1332 3034; baseline 0.002 -42"><span class='ocrx_word' id='word_1_123' title='bbox 138 2927 228 2994; x_wconf 90' lang='lat' dir='ltr'>modi</span> <span class='ocrx_word' id='word_1_124' title='bbox 249 2928 445 2994; x_wconf 87' lang='lat' dir='ltr'>mandatum</span> <span class='ocrx_word' id='word_1_125' title='bbox 467 2933 627 3014; x_wconf 84' lang='lat' dir='ltr'>tanquam</span> <span class='ocrx_word' id='word_1_126' title='bbox 657 2929 961 2994; x_wconf 83' lang='lat' dir='ltr'>extraordinarium</span> <span class='ocrx_word' id='word_1_127' title='bbox 993 2929 1185 2995; x_wconf 86' lang='lat' dir='ltr'>admiranti·</span> <span class='ocrx_word' id='word_1_128' title='bbox 1200 2918 1332 3034; x_wconf 49' lang='lat' dir='ltr'>{ssffih</span> 
     </span>
     <span class='ocr_line' id='line_1_20' title="bbox 140 3000 1328 3116; baseline 0.003 -20"><span class='ocrx_word' id='word_1_129' title='bbox 140 3033 210 3108; x_wconf 87' lang='lat' dir='ltr'>bus,</span> <span class='ocrx_word' id='word_1_130' title='bbox 225 3035 258 3096; x_wconf 89' lang='lat' dir='ltr'>et</span> <span class='ocrx_word' id='word_1_131' title='bbox 279 3031 483 3096; x_wconf 88' lang='lat' dir='ltr'>unanimiter</span> <span class='ocrx_word' id='word_1_132' title='bbox 497 3029 721 3096; x_wconf 74' lang='lat' dir='ltr'>asserentibus</span> <span class='ocrx_word' id='word_1_133' title='bbox 738 3052 807 3096; x_wconf 82' lang='lat' dir='ltr'>esse</span> <span class='ocrx_word' id='word_1_134' title='bbox 823 3031 974 3096; x_wconf 86' lang='lat' dir='ltr'>totaliter</span> <span class='ocrx_word' id='word_1_135' title='bbox 995 3031 1186 3098; x_wconf 91' lang='lat' dir='ltr'>inauditum</span> <span class='ocrx_word' id='word_1_136' title='bbox 1199 3000 1328 3116; x_wconf 70' lang='lat' dir='ltr'>adoption</span> 
     </span>
     <span class='ocr_line' id='line_1_21' title="bbox 143 3129 1189 3218; baseline -0.002 -20"><span class='ocrx_word' id='word_1_137' title='bbox 143 3137 177 3198; x_wconf 90' lang='lat' dir='ltr'>et</span> <span class='ocrx_word' id='word_1_138' title='bbox 198 3131 374 3210; x_wconf 86' lang='lat' dir='ltr'>insolitum,</span> <span class='ocrx_word' id='word_1_139' title='bbox 398 3131 486 3218; x_wconf 91' lang='lat' dir='ltr'>quod</span> <span class='ocrx_word' id='word_1_140' title='bbox 511 3131 608 3197; x_wconf 88' lang='lat' dir='ltr'>Prior</span> <span class='ocrx_word' id='word_1_141' title='bbox 622 3129 775 3197; x_wconf 77' lang='lat' dir='ltr'>Ecclesiae</span> <span class='ocrx_word' id='word_1_142' title='bbox 798 3135 918 3198; x_wconf 86' lang='lat' dir='ltr'>vestrae</span> <span class='ocrx_word' id='word_1_143' title='bbox 941 3131 1189 3198; x_wconf 76' lang='lat' dir='ltr'>(lantuariensis</span> 
     </span>
     <span class='ocr_line' id='line_1_22' title="bbox 144 3231 1190 3325; baseline 0 -27"><span class='ocrx_word' id='word_1_144' title='bbox 144 3233 337 3325; x_wconf 80' lang='lat' dir='ltr'>praemuniat</span> <span class='ocrx_word' id='word_1_145' title='bbox 375 3231 571 3319; x_wconf 78' lang='lat' dir='ltr'>Capitulum</span> <span class='ocrx_word' id='word_1_146' title='bbox 608 3232 776 3319; x_wconf 73' lang='lat' dir='ltr'>praedicta</span> <span class='ocrx_word' id='word_1_147' title='bbox 815 3231 978 3311; x_wconf 76' lang='lat' dir='ltr'>Ecclesiae,</span> <span class='ocrx_word' id='word_1_148' title='bbox 1009 3234 1190 3300; x_wconf 87' lang='lat' dir='ltr'>seeundum</span> 
     </span>
     <span class='ocr_line' id='line_1_23' title="bbox 145 3334 1191 3421; baseline 0 -21"><span class='ocrx_word' id='word_1_149' title='bbox 145 3335 271 3400; x_wconf 87' lang='lat' dir='ltr'>modum</span> <span class='ocrx_word' id='word_1_150' title='bbox 295 3335 332 3399; x_wconf 91' lang='lat' dir='ltr'>in</span> <span class='ocrx_word' id='word_1_151' title='bbox 353 3335 477 3400; x_wconf 89' lang='lat' dir='ltr'>litteris</span> <span class='ocrx_word' id='word_1_152' title='bbox 499 3334 622 3400; x_wconf 86' lang='lat' dir='ltr'>vestris</span> <span class='ocrx_word' id='word_1_153' title='bbox 644 3334 918 3421; x_wconf 81' lang='lat' dir='ltr'>praenominatis3</span> <span class='ocrx_word' id='word_1_154' title='bbox 939 3335 1191 3401; x_wconf 84' lang='lat' dir='ltr'>affermantibus</span> 
     </span>
     <span class='ocr_line' id='line_1_24' title="bbox 147 3435 1192 3524; baseline 0.001 -22"><span class='ocrx_word' id='word_1_155' title='bbox 147 3437 242 3504; x_wconf 89' lang='lat' dir='ltr'>etiam</span> <span class='ocrx_word' id='word_1_156' title='bbox 264 3436 362 3523; x_wconf 90' lang='lat' dir='ltr'>quod,</span> <span class='ocrx_word' id='word_1_157' title='bbox 386 3436 427 3502; x_wconf 93' lang='lat' dir='ltr'>de</span> <span class='ocrx_word' id='word_1_158' title='bbox 461 3437 611 3522; x_wconf 89' lang='lat' dir='ltr'>antique,</span> <span class='ocrx_word' id='word_1_159' title='bbox 634 3435 827 3524; x_wconf 85' lang='lat' dir='ltr'>approbata,</span> <span class='ocrx_word' id='word_1_160' title='bbox 850 3442 887 3502; x_wconf 90' lang='lat' dir='ltr'>et</span> <span class='ocrx_word' id='word_1_161' title='bbox 917 3437 1005 3502; x_wconf 89' lang='lat' dir='ltr'>tanti</span> <span class='ocrx_word' id='word_1_162' title='bbox 1035 3437 1192 3523; x_wconf 90' lang='lat' dir='ltr'>temporis</span> 
     </span>
     <span class='ocr_line' id='line_1_25' title="bbox 148 3538 1193 3627; baseline 0.001 -22"><span class='ocrx_word' id='word_1_163' title='bbox 148 3540 248 3626; x_wconf 84' lang='lat' dir='ltr'>spatio</span> <span class='ocrx_word' id='word_1_164' title='bbox 270 3538 405 3627; x_wconf 88' lang='lat' dir='ltr'>pacifice</span> <span class='ocrx_word' id='word_1_165' title='bbox 428 3544 463 3605; x_wconf 86' lang='lat' dir='ltr'>ct</span> <span class='ocrx_word' id='word_1_166' title='bbox 484 3539 615 3604; x_wconf 88' lang='lat' dir='ltr'>notorie</span> <span class='ocrx_word' id='word_1_167' title='bbox 637 3538 813 3605; x_wconf 83' lang='lat' dir='ltr'>observata</span> <span class='ocrx_word' id='word_1_168' title='bbox 836 3539 1084 3618; x_wconf 86' lang='lat' dir='ltr'>consuetudine,</span> <span class='ocrx_word' id='word_1_169' title='bbox 1099 3539 1193 3626; x_wconf 85' lang='lat' dir='ltr'>cujus</span> 
     </span>
     <span class='ocr_line' id='line_1_26' title="bbox 150 3641 1193 3731; baseline 0.002 -23"><span class='ocrx_word' id='word_1_170' title='bbox 150 3643 296 3708; x_wconf 88' lang='lat' dir='ltr'>contrarii</span> <span class='ocrx_word' id='word_1_171' title='bbox 319 3641 478 3709; x_wconf 90' lang='lat' dir='ltr'>memorie</span> <span class='ocrx_word' id='word_1_172' title='bbox 501 3662 570 3708; x_wconf 91' lang='lat' dir='ltr'>non</span> <span class='ocrx_word' id='word_1_173' title='bbox 592 3642 716 3720; x_wconf 87' lang='lat' dir='ltr'>existit,</span> <span class='ocrx_word' id='word_1_174' title='bbox 732 3642 984 3728; x_wconf 71' lang='lat' dir='ltr'>praedecessores</span> <span class='ocrx_word' id='word_1_175' title='bbox 1007 3643 1119 3721; x_wconf 83' lang='lat' dir='ltr'>vestri,</span> <span class='ocrx_word' id='word_1_176' title='bbox 1133 3666 1193 3731; x_wconf 91' lang='lat' dir='ltr'>pro</span> 
     </span>
     <span class='ocr_line' id='line_1_27' title="bbox 150 3742 1193 3830; baseline 0.001 -21"><span class='ocrx_word' id='word_1_177' title='bbox 150 3743 252 3809; x_wconf 81' lang='lat' dir='ltr'>arduis</span> <span class='ocrx_word' id='word_1_178' title='bbox 273 3743 418 3830; x_wconf 85' lang='lat' dir='ltr'>negotiis</span> <span class='ocrx_word' id='word_1_179' title='bbox 441 3742 649 3829; x_wconf 84' lang='lat' dir='ltr'>temporibus</span> <span class='ocrx_word' id='word_1_180' title='bbox 678 3743 975 3830; x_wconf 88' lang='lat' dir='ltr'>parliamentornm</span> <span class='ocrx_word' id='word_1_181' title='bbox 998 3745 1193 3823; x_wconf 87' lang='lat' dir='ltr'>tractandis,</span> 
     </span>
     <span class='ocr_line' id='line_1_28' title="bbox 151 3843 1194 3934; baseline 0.001 -22"><span class='ocrx_word' id='word_1_182' title='bbox 151 3845 341 3931; x_wconf 90' lang='lat' dir='ltr'>conjunctim</span> <span class='ocrx_word' id='word_1_183' title='bbox 373 3844 484 3911; x_wconf 89' lang='lat' dir='ltr'>Priori</span> <span class='ocrx_word' id='word_1_184' title='bbox 518 3849 553 3910; x_wconf 87' lang='lat' dir='ltr'>et</span> <span class='ocrx_word' id='word_1_185' title='bbox 585 3843 743 3930; x_wconf 76' lang='lat' dir='ltr'>Capitulo</span> <span class='ocrx_word' id='word_1_186' title='bbox 767 3844 921 3912; x_wconf 82' lang='lat' dir='ltr'>Ecclesiae</span> <span class='ocrx_word' id='word_1_187' title='bbox 955 3851 1076 3912; x_wconf 85' lang='lat' dir='ltr'>vestrae</span> <span class='ocrx_word' id='word_1_188' title='bbox 1107 3869 1194 3934; x_wconf 84' lang='lat' dir='ltr'>prae·</span> 
     </span>
     <span class='ocr_line' id='line_1_29' title="bbox 153 3946 1194 4034; baseline 0.002 -22"><span class='ocrx_word' id='word_1_189' title='bbox 153 3948 240 4014; x_wconf 74' lang='lat' dir='ltr'>dietae</span> <span class='ocrx_word' id='word_1_190' title='bbox 254 3969 328 4014; x_wconf 87' lang='lat' dir='ltr'>suas</span> <span class='ocrx_word' id='word_1_191' title='bbox 343 3947 475 4014; x_wconf 87' lang='lat' dir='ltr'>litterae</span> <span class='ocrx_word' id='word_1_192' title='bbox 490 3947 694 4026; x_wconf 86' lang='lat' dir='ltr'>direxerunt,</span> <span class='ocrx_word' id='word_1_193' title='bbox 710 3948 797 4013; x_wconf 86' lang='lat' dir='ltr'>sicut</span> <span class='ocrx_word' id='word_1_194' title='bbox 812 3946 914 4014; x_wconf 89' lang='lat' dir='ltr'>etiam</span> <span class='ocrx_word' id='word_1_195' title='bbox 929 3968 990 4014; x_wconf 89' lang='lat' dir='ltr'>vos</span> <span class='ocrx_word' id='word_1_196' title='bbox 1004 3949 1194 4034; x_wconf 86' lang='lat' dir='ltr'>frequenter</span> 
     </span>
     <span class='ocr_line' id='line_1_30' title="bbox 153 4046 1194 4134; baseline 0 -20"><span class='ocrx_word' id='word_1_197' title='bbox 153 4048 279 4114; x_wconf 88' lang='lat' dir='ltr'>scribere</span> <span class='ocrx_word' id='word_1_198' title='bbox 313 4047 540 4115; x_wconf 86' lang='lat' dir='ltr'>consuevistis.</span> <span class='ocrx_word' id='word_1_199' title='bbox 588 4046 718 4114; x_wconf 85' lang='lat' dir='ltr'>Idcirco</span> <span class='ocrx_word' id='word_1_200' title='bbox 748 4053 871 4113; x_wconf 84' lang='lat' dir='ltr'>vestrae</span> <span class='ocrx_word' id='word_1_201' title='bbox 897 4048 1052 4134; x_wconf 82' lang='lat' dir='ltr'>benignae</span> <span class='ocrx_word' id='word_1_202' title='bbox 1076 4049 1194 4114; x_wconf 88' lang='lat' dir='ltr'>Pater·</span> 
     </span>
     <span class='ocr_line' id='line_1_31' title="bbox 155 4148 1194 4236; baseline -0.001 -20"><span class='ocrx_word' id='word_1_203' title='bbox 155 4151 245 4216; x_wconf 91' lang='lat' dir='ltr'>nitati</span> <span class='ocrx_word' id='word_1_204' title='bbox 265 4150 441 4216; x_wconf 88' lang='lat' dir='ltr'>humiliter</span> <span class='ocrx_word' id='word_1_205' title='bbox 463 4171 575 4236; x_wconf 85' lang='lat' dir='ltr'>preces</span> <span class='ocrx_word' id='word_1_206' title='bbox 598 4148 748 4226; x_wconf 83' lang='lat' dir='ltr'>infundo,</span> <span class='ocrx_word' id='word_1_207' title='bbox 763 4149 924 4235; x_wconf 84' lang='lat' dir='ltr'>quatinus</span> <span class='ocrx_word' id='word_1_208' title='bbox 944 4148 1077 4235; x_wconf 89' lang='lat' dir='ltr'>placeat</span> <span class='ocrx_word' id='word_1_209' title='bbox 1091 4150 1194 4228; x_wconf 89' lang='lat' dir='ltr'>vobis,</span> 
     </span>
     <span class='ocr_line' id='line_1_32' title="bbox 156 4251 1196 4340; baseline 0.001 -23"><span class='ocrx_word' id='word_1_210' title='bbox 156 4275 208 4340; x_wconf 92' lang='lat' dir='ltr'>pro</span> <span class='ocrx_word' id='word_1_211' title='bbox 237 4253 328 4318; x_wconf 79' lang='lat' dir='ltr'>bone</span> <span class='ocrx_word' id='word_1_212' title='bbox 362 4251 452 4339; x_wconf 87' lang='lat' dir='ltr'>pacis</span> <span class='ocrx_word' id='word_1_213' title='bbox 474 4251 605 4317; x_wconf 84' lang='lat' dir='ltr'>unitate</span> <span class='ocrx_word' id='word_1_214' title='bbox 627 4251 779 4328; x_wconf 83' lang='lat' dir='ltr'>fovenda,</span> <span class='ocrx_word' id='word_1_215' title='bbox 801 4251 1006 4337; x_wconf 86' lang='lat' dir='ltr'>conjunctim</span> <span class='ocrx_word' id='word_1_216' title='bbox 1029 4251 1131 4317; x_wconf 90' lang='lat' dir='ltr'>michi</span> <span class='ocrx_word' id='word_1_217' title='bbox 1160 4257 1196 4318; x_wconf 88' lang='lat' dir='ltr'>et</span> 
     </span>
     <span class='ocr_line' id='line_1_33' title="bbox 158 4351 1195 4442; baseline -0.003 -21"><span class='ocrx_word' id='word_1_218' title='bbox 158 4352 297 4442; x_wconf 82' lang='lat' dir='ltr'>Oapitulo</span> <span class='ocrx_word' id='word_1_219' title='bbox 320 4373 380 4439; x_wconf 90' lang='lat' dir='ltr'>pro</span> <span class='ocrx_word' id='word_1_220' title='bbox 412 4353 555 4418; x_wconf 88' lang='lat' dir='ltr'>instanti</span> <span class='ocrx_word' id='word_1_221' title='bbox 588 4351 809 4438; x_wconf 85' lang='lat' dir='ltr'>parliamento</span> <span class='ocrx_word' id='word_1_222' title='bbox 832 4352 983 4429; x_wconf 86' lang='lat' dir='ltr'>scribere,</span> <span class='ocrx_word' id='word_1_223' title='bbox 1003 4351 1107 4437; x_wconf 87' lang='lat' dir='ltr'>juxta</span> <span class='ocrx_word' id='word_1_224' title='bbox 1127 4353 1195 4418; x_wconf 84' lang='lat' dir='ltr'>sor-</span> 
     </span>
     <span class='ocr_line' id='line_1_34' title="bbox 159 4452 1196 4540; baseline -0.001 -20"><span class='ocrx_word' id='word_1_225' title='bbox 159 4476 235 4521; x_wconf 85' lang='lat' dir='ltr'>mam</span> <span class='ocrx_word' id='word_1_226' title='bbox 254 4454 424 4521; x_wconf 86' lang='lat' dir='ltr'>retroactis</span> <span class='ocrx_word' id='word_1_227' title='bbox 446 4453 652 4539; x_wconf 89' lang='lat' dir='ltr'>temporibus</span> <span class='ocrx_word' id='word_1_228' title='bbox 667 4453 836 4540; x_wconf 87' lang='lat' dir='ltr'>usitatam,</span> <span class='ocrx_word' id='word_1_229' title='bbox 852 4453 948 4540; x_wconf 88' lang='lat' dir='ltr'>cujus</span> <span class='ocrx_word' id='word_1_230' title='bbox 969 4452 1084 4519; x_wconf 78' lang='lat' dir='ltr'>formae</span> <span class='ocrx_word' id='word_1_231' title='bbox 1100 4458 1196 4520; x_wconf 89' lang='lat' dir='ltr'>tenor</span> 
     </span>
     <span class='ocr_line' id='line_1_35' title="bbox 160 4556 300 4622; baseline 0 0"><span class='ocrx_word' id='word_1_232' title='bbox 160 4556 227 4622; x_wconf 80' lang='lat' dir='ltr'>talis</span> <span class='ocrx_word' id='word_1_233' title='bbox 245 4560 300 4622; x_wconf 88' lang='lat' dir='ltr'>est.</span> 
     </span>
    </p>

    <p class='ocr_par' dir='ltr' id='par_1_11' title="bbox 163 4655 1195 4846">
     <span class='ocr_line' id='line_1_36' title="bbox 199 4655 1195 4744; baseline 0.001 -21"><span class='ocrx_word' id='word_1_234' title='bbox 199 4657 341 4743; x_wconf 78' lang='lat' dir='ltr'>“symon</span> <span class='ocrx_word' id='word_1_235' title='bbox 378 4655 593 4744; x_wconf 84' lang='lat' dir='ltr'>permissione</span> <span class='ocrx_word' id='word_1_236' title='bbox 631 4655 749 4722; x_wconf 90' lang='lat' dir='ltr'>divina</span> <span class='ocrx_word' id='word_1_237' title='bbox 783 4656 1037 4723; x_wconf 85' lang='lat' dir='ltr'>Gentuariensis</span> <span class='ocrx_word' id='word_1_238' title='bbox 1075 4657 1195 4724; x_wconf 83' lang='lat' dir='ltr'>Archi·</span> 
     </span>
     <span class='ocr_line' id='line_1_37' title="bbox 163 4756 1192 4846; baseline 0.002 -22"><span class='ocrx_word' id='word_1_239' title='bbox 163 4759 322 4846; x_wconf 84' lang='lat' dir='ltr'>episcopua,</span> <span class='ocrx_word' id='word_1_240' title='bbox 346 4760 452 4827; x_wconf 86' lang='lat' dir='ltr'>totius</span> <span class='ocrx_word' id='word_1_241' title='bbox 474 4757 607 4846; x_wconf 80' lang='lat' dir='ltr'>Angliao</span> <span class='ocrx_word' id='word_1_242' title='bbox 639 4756 780 4838; x_wconf 81' lang='lat' dir='ltr'>Primae,</span> <span class='ocrx_word' id='word_1_243' title='bbox 803 4763 839 4825; x_wconf 88' lang='lat' dir='ltr'>et</span> <span class='ocrx_word' id='word_1_244' title='bbox 863 4759 1063 4845; x_wconf 84' lang='lat' dir='ltr'>Apostoliees</span> <span class='ocrx_word' id='word_1_245' title='bbox 1095 4760 1192 4826; x_wconf 81' lang='lat' dir='ltr'>Sedis</span> 
     </span>
    </p>
   </div>
   <div class='ocr_carea' id='block_1_11' title="bbox 0 0 1714 5859">
    <p class='ocr_par' dir='ltr' id='par_1_12' title="bbox 0 0 1714 5859">
     <span class='ocr_line' id='line_1_38' title="bbox 0 0 1714 5859; baseline 0 0"><span class='ocrx_word' id='word_1_246' title='bbox 0 0 1714 5859; x_wconf 95' lang='lat' dir='ltr'> </span> 
     </span>
    </p>
   </div>
  </div>
 </body>
</html>
