3309 5859
226 1113 309 1164 Ama.

226 1180 340 1244 birtop'r

228 1246 343 1296 nomina·

231 1313 296 1365 tion.

396 917 438 982 st
834 921 975 973 urrann.

397 1117 550 1186 Ecclesia
588 1113 742 1204 regimini
779 1113 985 1202 profuerunt
1021 1111 1130 1200 gavisi
1166 1111 1300 1188 luimus,
1330 1115 1365 1179 ot
1399 1111 1454 1178 usi

398 1221 559 1288 hactenus
581 1218 779 1286 mconcusse.
826 1215 916 1294 Haec,
939 1215 1018 1282 licet
1040 1215 1151 1280 omnia
1174 1221 1208 1281 at
1240 1215 1371 1302 singula
1394 1235 1456 1300 per

399 1325 494 1412 regni
515 1321 615 1408 hujus
636 1321 772 1389 climata
793 1341 862 1386 esse
884 1319 1018 1408 publica
1033 1325 1067 1384 et
1081 1319 1212 1385 notoria
1227 1319 1455 1394 dinoscantur,

401 1453 460 1495 vos
493 1435 606 1494 tamen
636 1447 705 1492 non
740 1425 962 1502 advertentes,
996 1423 1085 1510 quod
1120 1423 1241 1488 nedum
1275 1423 1318 1488 ed
1355 1423 1456 1508 adju·

401 1533 548 1600 vandum
572 1536 608 1598 et
629 1528 876 1595 defendendum
895 1528 974 1614 jura
1005 1531 1041 1592 st
1062 1526 1235 1593 libertates
1256 1533 1387 1593 nostras
1417 1532 1456 1593 et

404 1634 558 1703 Ecclesiae
580 1637 711 1710 nostrae,
744 1631 802 1696 sod
835 1630 936 1697 etiam
971 1632 1163 1718 praedictam
1196 1637 1231 1698 et
1261 1631 1342 1696 alias
1376 1651 1455 1696 eon·

270 1733 274 1740 ’
405 1738 595 1804 suetudines
618 1735 731 1824 ipsius,
754 1757 797 1799 ex
829 1732 963 1800 vinculo
993 1734 1174 1820 juramenti
1208 1735 1296 1823 quod
1319 1736 1355 1800 in
1378 1756 1456 1821 pro-

405 1842 546 1908 fessione
568 1837 664 1904 nobis
698 1843 734 1902 et
764 1835 919 1902 Ecclesia
953 1841 1073 1902 nostrae
1108 1833 1340 1904 (lantuariensi
1369 1859 1457 1924 prae-

405 1945 501 2010 dictse
523 1963 582 2028 per
604 1961 663 2005 vos
687 1939 766 2005 olim
789 1938 878 2004 facta
900 1938 1115 2026 corporaliter
1137 1939 1348 2028 praestitistis,
1364 1941 1458 2016 estis,

404 2048 491 2113 sicut
512 2045 570 2111 alii
592 2043 697 2110 nostri
720 2041 928 2129 suffraganei,
944 2041 1092 2130 obligati,
1108 2043 1251 2127 quadam
1274 2065 1458 2131 praesump-

405 2152 496 2215 tione
517 2169 586 2214 non
608 2146 775 2212 modicum
798 2145 967 2222 effrenata,
990 2145 1027 2208 in
1054 2145 1141 2230 juris
1175 2151 1209 2211 et
1238 2147 1358 2232 quietae
1381 2168 1459 2232 pos-

405 2251 560 2318 sessionis
593 2247 699 2315 nostri
732 2251 766 2312 et
801 2245 956 2313 Ecclesia
990 2253 1111 2314 nostrae
1145 2255 1267 2315 sanctas
1288 2249 1459 2336 praedictae

406 2354 644 2442 prejudicium,
677 2355 863 2435 vestraeque
887 2349 1101 2436 professionis
1133 2353 1316 2440 periculum
1349 2355 1459 2419 mani-

406 2459 536 2534 festum,
551 2455 709 2520 dilectum
729 2452 836 2516 filiurn
860 2451 1062 2517 Willelmum
1085 2453 1126 2520 de
1150 2455 1288 2534 Beccles,
1303 2456 1458 2524 clericum

406 2560 574 2646 ydoneum
611 2556 655 2622 ad
687 2553 943 2622 ecclesiasticum
989 2555 1184 2622 beneficium
1230 2558 1460 2636 obtinendum,

407 2683 505 2749 quem
529 2660 665 2736 dudum,
683 2658 786 2744 juxta
808 2656 878 2720 vim
915 2656 1013 2722 diotre
1036 2661 1283 2726 consuetudinis
1306 2667 1340 2727 et
1369 2663 1459 2748 juris

407 2764 502 2830 nobis
524 2767 560 2830 et
583 2759 736 2827 Ecclesiae
759 2764 881 2827 nostrae
905 2763 1130 2848 competentis,
1146 2769 1186 2828 ut
1207 2787 1266 2851 per
1288 2787 1347 2830 vos
1370 2787 1460 2832 com-

407 2874 521 2957 petens
544 2863 738 2932 beneficium
754 2867 981 2948 assequeretur
996 2865 1188 2931 duxerimus
1209 2869 1461 2950 nominandum,

407 2970 559 3059 quamvis
581 2967 748 3056 praedictre
770 2965 1026 3044 consuetudinis,
1046 2967 1141 3052 juris,
1164 2974 1198 3035 et
1233 2971 1352 3058 quietes
1384 2995 1459 3060 pos-

406 3073 567 3148 sessionis,
589 3069 812 3154 ignorantiam
835 3069 1037 3156 praetendere
1060 3071 1195 3136 minime
1217 3073 1458 3152 valentianum

408 3183 488 3242 sunt
509 3174 644 3262 publica
666 3177 701 3238 et
723 3173 863 3248 notoria,
887 3178 926 3237 ut
957 3174 1098 3239 eundem
1126 3175 1228 3260 juxta
1263 3179 1348 3243 vires
1381 3202 1460 3248 con·

408 3277 592 3345 suetudinis
615 3273 791 3341 antedictae
812 3272 857 3338 ad
891 3281 1078 3361 competens
1111 3277 1305 3344 beneficium
1329 3303 1459 3368 promo·

408 3405 495 3459 vere,
517 3383 618 3446 immo
651 3399 712 3446 nec
745 3381 785 3443 ut
819 3399 879 3464 per
911 3399 969 3442 vos
1004 3388 1251 3466 promoveretur
1282 3385 1459 3454 admittere

408 3484 567 3557 curastis;
591 3480 657 3558 sed,
681 3484 837 3546 acuentes
860 3485 900 3544 ut
914 3479 1062 3566 gladium
1087 3481 1235 3570 linguam
1252 3493 1407 3568 vestram,
1423 3492 1459 3556 in

409 3589 511 3655 verba
533 3583 769 3654 contumeliosa
791 3583 886 3648 vobis
909 3604 976 3648 non
999 3587 1215 3672 congruentia
1244 3592 1459 3677 suggillantis

409 3693 531 3758 famam
574 3692 722 3753 nostram
756 3686 845 3751 illico
883 3707 1109 3773 prorumpens,
1147 3693 1317 3775 praemissa
1353 3696 1459 3765 facere

410 3815 560 3881 expresse
582 3799 617 3857 et
632 3788 927 3876 contemptibiliter
943 3793 1127 3870 recusastis,
1143 3801 1243 3880 prout
1267 3799 1302 3862 in
1325 3800 1460 3885 publico

410 3900 629 3964 instrumento
652 3915 751 3979 super
773 3892 836 3958 hoc
859 3893 1007 3959 confecto
1029 3895 1159 3982 plenius
1184 3905 1234 3963 est
1257 3907 1459 3972 contentum.

412 4005 456 4069 Et
470 4003 548 4067 licet
564 3997 822 4065 inobedientiam
846 3995 1033 4082 hujusmodi
1049 4001 1269 4086 potuissemus
1293 4028 1314 4071 a
1329 4007 1387 4073 diu
1411 4016 1462 4076 est

411 4105 564 4172 canonice
598 4099 776 4186 punivisse,
814 4105 931 4166 contra
967 4122 1100 4188 vosque,
1138 4110 1297 4192 tanquam
1331 4109 1461 4195 jurium

411 4217 533 4278 nostras
556 4205 806 4273 Cantuariensis
829 4203 984 4270 Ecclesiae
1019 4206 1220 4287 violatorem,
1244 4214 1363 4290 merito
1387 4239 1461 4302 pro-

410 4315 564 4391 cessisse;
586 4316 668 4377 tunc
690 4314 803 4374 tamen
826 4313 996 4396 sperantes
1020 4311 1108 4396 quod
1132 4313 1366 4398 professionem
1390 4343 1462 4387 res·

410 4425 498 4483 tram
520 4416 564 4480 ad
586 4411 777 4478 memoriam
799 4410 954 4476 reducere
977 4412 1148 4490 volebatis,
1164 4419 1198 4480 et
1221 4417 1339 4484 deinde
1355 4421 1463 4490 facere

413 4541 487 4585 cum
510 4517 601 4582 omni
623 4512 884 4600 promptitudine
908 4514 995 4600 quod
1018 4517 1172 4602 negastis,
1188 4520 1363 4607 quicquam
1386 4549 1462 4593 con·

415 4627 468 4686 tra
504 4641 564 4683 vos
601 4616 790 4682 distulimus
827 4621 1046 4702 attemptare;
1084 4620 1140 4684 sed
1179 4622 1327 4690 volentes
1358 4628 1394 4692 in
1425 4654 1465 4697 ea

416 4726 509 4808 parte
543 4721 579 4784 in
612 4719 739 4784 semitis
757 4717 899 4806 justitias
922 4718 1062 4805 dirigere
1096 4743 1227 4807 gressus
1260 4733 1395 4808 vestros,
1420 4735 1463 4799 ad

415 4846 471 4891 cor
504 4822 700 4888 revertendo
734 4827 768 4887 et
799 4823 927 4908 agendo
949 4824 1157 4910 poenitentiae
1180 4828 1295 4914 dignos
1328 4832 1467 4916 fructus,
