3309 5859
418 908 482 969 134
863 922 996 971 urnae

251 1117 349 1234 praepl
422 1128 497 1193 qum
519 1106 582 1173 Dei
615 1106 740 1172 cultum
775 1112 986 1183 concernunt,
1009 1112 1044 1171 et
1077 1106 1229 1192 gloriosa
1251 1106 1370 1172 matris
1404 1125 1475 1167 suae

263 1200 288 1233 es
309 1202 325 1233 V
362 1200 377 1233 0

254 1182 391 1299 ,heponf
422 1211 554 1277 laudem
577 1211 757 1297 respiciunt
780 1217 815 1275 et
837 1210 1003 1276 honorem.
1051 1210 1219 1275 Mittimus
1249 1210 1358 1295 igitur
1380 1206 1474 1272 vobis

253 1314 395 1381 capuanos
425 1316 663 1403 inspiciendam
704 1321 738 1381 et
783 1315 1039 1381 examinandam
1085 1314 1256 1400 quandam
1303 1314 1477 1399 scripturae

254 1384 395 1500 efflffil
425 1418 589 1503 paginam,
621 1438 719 1502 quam
758 1417 794 1480 in
833 1416 926 1481 libris
964 1416 1005 1481 de
1037 1415 1151 1481 officiis
1183 1415 1411 1481 ecclesiasticis
1441 1414 1477 1476 in

253 1516 358 1595 flfldfifiss
428 1520 542 1584 multis
579 1517 832 1594 cathedralibus
873 1518 1160 1592 conventualibus,
1207 1515 1401 1603 collegiatis,
1443 1520 1478 1579 et

254 1600 348 1714 2⁵:³11?
428 1620 668 1707 parochialibus
706 1618 857 1696 eeclesiis,
896 1625 966 1683 tarn
1002 1620 1040 1684 in
1077 1642 1179 1706 regno
1212 1618 1345 1705 Angliae
1379 1637 1477 1703 quam

256 1716 389 1767 ehurches.
428 1724 582 1799 Franciae,
616 1724 743 1788 dudum
774 1722 965 1787 invenimus
995 1724 1218 1809 regn'stratam,
1249 1730 1285 1788 et
1324 1722 1361 1786 in
1397 1722 1480 1785 festo

428 1826 662 1912 Conceptionis
693 1824 844 1911 gloriosae
866 1823 1017 1910 Virginis
1037 1826 1135 1890 annis
1157 1825 1299 1911 singulis
1321 1824 1358 1889 in
1381 1822 1478 1889 dictis

427 1929 570 1995 ecclesiis
601 1928 782 1994 recitatam.
829 1928 913 2007 Qua,
936 1928 964 1991 si
994 1928 1112 2013 placet,
1136 1927 1389 2005 examinatasi
1418 1926 1478 1991 ali·

426 2031 506 2117 quid
539 2053 709 2095 erroneum
745 2030 798 2095 vel
837 2031 947 2093 minus
979 2030 1179 2096 catholicum
1210 2029 1406 2095 inveneritis
1442 2029 1480 2090 in

427 2134 550 2209 eadem,
573 2133 677 2209 nebia,
700 2154 759 2218 per
781 2132 933 2218 bajulum
967 2133 1191 2219 praesentium,
1213 2132 1251 2196 in
1285 2153 1353 2216 qua
1385 2136 1480 2215 parte

427 2238 607 2322 scripturae,
630 2242 664 2301 et
699 2236 734 2300 in
766 2235 889 2320 quibus
920 2237 1042 2313 verbis,
1071 2258 1161 2301 error
1194 2236 1348 2302 consistit
1379 2234 1481 2319 signi-

427 2338 524 2403 ficare
557 2338 676 2403 velitis.
725 2336 839 2402 Valete
874 2338 961 2403 siout
991 2338 1103 2403 valere
1133 2336 1294 2403 vellemus
1328 2337 1365 2400 in
1387 2336 1481 2421 Xpo,

427 2440 470 2505 ad
493 2448 677 2505 vestrorum
700 2440 848 2526 regimen
871 2440 1087 2506 subditorum.

294 2732 383 2781 Heb-
487 2743 659 2809 rsa-Du
682 2760 905 2809 rrsrnnnuro
928 2743 1065 2809 Donnu
1087 2743 1127 2808 R
1149 2742 1422 2807 Ancnramscorr

305 2802 376 2849 ¹³2⁵·
832 2861 1072 2911 ranurvnsno.

261 2926 291 2977 1,
304 2930 350 2974 las
361 2923 384 2973 a

260 3045 316 3094 The
327 3042 401 3094 Prior
476 3037 543 3103 Suo
566 3037 653 3123 patri
685 3036 825 3100 devotus
860 3034 958 3110 filius,
981 3033 1017 3098 id
1039 3035 1129 3119 quod
1150 3040 1261 3119 potest
1278 3034 1484 3109 obedientiae,

260 3120 400 3226 fflffirgh,
431 3140 632 3215 reverentiae,
655 3146 690 3202 et
712 3138 853 3203 honoris
901 3137 988 3216 Quia
1010 3138 1161 3203 executio
1184 3138 1378 3204 testamenti
1400 3135 1483 3201 eele-

261 3244 352 3307 bishop
364 3252 391 3291 2⁰
432 3242 500 3307 bris
523 3243 689 3307 memoriae
705 3241 840 3305 Domini
856 3240 1004 3317 Roberti,
1027 3241 1273 3327 praedecessoris
1297 3240 1400 3306 vestri
1421 3241 1484 3303 im·

261 3326 317 3425 {³122ss
316 3311 412 3427 ffi„
431 3346 578 3422 mediati,
601 3346 702 3410 variis
738 3344 844 3409 modis
867 3345 1010 3429 sumpsit
1039 3344 1200 3409 haetenus
1223 3344 1426 3420 dilationem,
1447 3350 1485 3407 et

261 3441 421 3558 {fflff
433 3455 622 3513 executores
658 3447 804 3532 ejusdem
839 3446 1038 3522 testamenti,
1070 3446 1190 3530 quibus
1224 3452 1297 3510 tota
1328 3446 1486 3511 adminis-

264 3576 411 3640 ofhispre-
434 3550 535 3615 tratio
558 3550 624 3615 fuit
656 3550 838 3624 commissa,
860 3549 903 3614 ab
934 3547 998 3615 hac
1020 3548 1092 3613 luce
1123 3548 1351 3634 migraverint,
1374 3570 1485 3633 super-

264 3644 383 3691 decessor
434 3654 511 3717 stite
534 3674 601 3717 uno
623 3652 711 3731 solo;
744 3651 979 3737 paternitatem
1002 3657 1148 3715 vestram
1182 3651 1313 3715 devotis
1336 3650 1486 3737 precibus

264 3710 386 3825 Itllileeltel-
434 3754 587 3840 deprecor
625 3759 659 3818 et
697 3774 805 3828 exoro,
845 3753 1012 3838 quatinus,
1050 3753 1250 3818 examinatis
1296 3753 1485 3818 inventario

264 3858 318 3906 sep.

294 4080 397 4211 διὲξ.
747 4081 958 4148 las-Irim
979 4099 1026 4147 nn
1046 4098 1174 4148 nonan.

267 4265 390 4316 L411ub.
482 4244 614 4312 Saluta.⁴
653 4246 795 4311 Endroit
829 4247 870 4311 de
902 4268 959 4312 ceo
993 4270 1033 4335 qe
1065 4270 1149 4313 vous
1180 4267 1266 4312 nous
1298 4246 1487 4313 mandastes

265 4381 408 4445 roalegal
438 4349 598 4435 nadgeres
631 4370 692 4434 par
726 4370 784 4413 vos
819 4349 935 4414 lettres
958 4349 1014 4415 des
1037 4350 1214 4436 busoignes
1244 4349 1303 4436 qui
1326 4350 1485 4416 touchent

268 4448 413 4497 adviseron
437 4452 467 4516 le
491 4450 641 4536 Evesque
665 4450 705 4515 de
721 4450 878 4515 Excestre
901 4456 935 4515 et
956 4472 1049 4529 noua,
1064 4452 1090 4516 il
1112 4456 1234 4517 covent
1255 4450 1351 4517 avoir
1372 4452 1487 4539 regard

267 4515 391 4643 llljlffe
436 4552 489 4618 del
512 4560 619 4638 temps
643 4554 700 4638 qui
723 4558 775 4618 est
797 4553 905 4619 moult
927 4552 1037 4619 divers
1060 4559 1094 4618 et
1116 4554 1271 4640 periloua,
1295 4558 1331 4619 et
1354 4563 1485 4620 coment

436 4658 482 4721 les
513 4656 688 4741 busoignes
720 4678 761 4721 en
793 4662 900 4742 temps
932 4658 990 4743 qui
1021 4679 1075 4723 ore
1108 4665 1159 4723 est
1190 4662 1269 4723 sont
1306 4679 1422 4722 menez
1453 4665 1486 4723 et

436 4766 539 4824 treton
562 4781 604 4824 en
626 4759 733 4823 moult
756 4760 812 4824 des
834 4760 912 4845 luys
934 4783 994 4845 par
1016 4782 1096 4847 poer
1119 4762 1159 4826 dc
1182 4762 1349 4847 seignurie
1372 4768 1406 4825 et
1428 4783 1486 4847 par

438 4862 592 4929 violence.
638 4862 683 4926 Et
705 4884 765 4947 par
795 4884 852 4927 ceo
874 4885 915 4948 qe
938 4862 968 4927 le
1000 4864 1051 4928 dit
1074 4884 1217 4947 evesque
1246 4860 1291 4926 ad
1312 4882 1418 4947 conge
1440 4863 1484 4927 du
