3309 5859
405 839 449 904 24
853 847 997 902 arraan

404 1027 614 1115 Apostolicae‚
667 1031 768 1112 prout
820 1026 856 1092 in
909 1025 1031 1092 littoris
1090 1025 1210 1090 restris
1263 1022 1469 1090 sufficienter

404 1131 599 1217 exprimitis,
615 1129 756 1216 amplius
771 1128 814 1194 ad
831 1128 1076 1194 excusationem
1100 1127 1253 1192 idoneam
1277 1126 1465 1192 roboretur.

404 1234 456 1300 De
478 1233 540 1299 hoc
566 1253 697 1318 quoque
728 1231 835 1310 vobis,
859 1231 1002 1296 Domine
1033 1229 1241 1306 Albaucnsis,
1265 1250 1325 1315 pro
1363 1233 1464 1314 parte

404 1337 578 1423 tetigimus
604 1335 737 1423 quando
778 1333 879 1398 simul
916 1334 1038 1400 exinde
1069 1333 1187 1398 ultimo
1224 1331 1464 1401 tractabamus.

404 1439 522 1506 Valete
552 1458 681 1522 semper
718 1436 755 1500 in
791 1433 926 1501 Christo
963 1433 1052 1500 Jesu
1098 1434 1188 1500 Data
1224 1434 1314 1520 apud
1353 1433 1462 1499 Suth—

404 1541 544 1626 malling
557 1539 649 1626 vijuo
664 1537 745 1606 Idus
769 1537 925 1628 Augusti,
951 1557 1039 1608 anno
1059 1535 1139 1608 Dui.
1154 1551 1232 1606 uece
1248 1535 1466 1626 nonagesimo

404 1649 507 1713 sexto.

264 1835 373 1956 1¹⁴¹}le
508 1861 835 1931 30.-Exnonnau10
858 1881 924 1930 PRO
948 1881 1101 1930 Novlms
1124 1880 1352 1931 REGIPIENDIS.

234 2033 304 2084 cm,
316 2033 380 2084 ΑΜ,
447 2005 611 2071 Robertus
634 2006 849 2092 permissione
872 2007 988 2072 divina
1012 2007 1262 2074 Cantuariensis
1285 2007 1463 2092 Archiepi-

245 2101 280 2150 ⁴⁴·
295 2104 375 2152 ¹⁹³⁶·
400 2129 526 2195 scopus,
550 2110 614 2187 bc,
645 2108 776 2174 dilectis
805 2109 883 2173 filiis
916 2109 1022 2174 Priori
1055 2117 1090 2176 et
1124 2110 1281 2198 Capitulo
1304 2109 1463 2176 Ecclesiae

232 2231 365 2285 meon·
402 2209 528 2276 Christi
573 2210 835 2291 Cantuariensis‚
881 2212 937 2278 dac.
985 2211 1079 2278 Licet
1124 2235 1224 2300 super
1269 2213 1462 2298 auganendo

234 2301 337 2418 {3:¹3¹
400 2335 537 2380 numero
575 2312 810 2381 monachorum
858 2313 1051 2382 Conventus
1088 2317 1194 2382 nostri
1232 2315 1268 2380 in
1311 2315 1461 2382 Ecclesia

232 2433 348 2484 chomu-
401 2422 591 2494 memorata,
621 2417 694 2503 jam
727 2417 868 2502 triginta
910 2419 1058 2503 personis
1089 2419 1269 2484 enormiter
1299 2417 1459 2496 mutilati,

231 2498 381 2616 ξζίζξοῖεξὸ
401 2518 548 2585 fuissetis
569 2541 629 2606 per
651 2541 712 2584 nos
734 2519 876 2584 sollicite
899 2525 934 2586 et
956 2520 1080 2606 pluries
1106 2519 1268 2587 hactenus
1299 2520 1461 2602 excitati;

231 2631 376 2695 oritspro
401 2622 472 2708 ipse
519 2628 631 2686 tamen
676 2643 833 2686 numerus
881 2621 928 2688 sio
975 2622 1160 2688 diminutus
1206 2622 1355 2688 nondum
1404 2628 1460 2687 est

229 2699 390 2763 perconter
401 2724 518 2802 adhuc,
539 2730 638 2810 prout
659 2724 759 2788 debet
777 2730 812 2789 et
832 2725 976 2810 expedit,
992 2726 1189 2807 restitutus3
1212 2709 1347 2812 propter
1367 2726 1459 2810 quod

229 2765 368 2882 bdomlrnellf
401 2825 439 2890 iu
461 2825 575 2891 eadem
598 2826 743 2891 Ecclesia
765 2827 875 2893 cultus
897 2831 1095 2892 attenuatur
1119 2828 1262 2906 divinus,
1281 2832 1316 2893 et
1334 2827 1457 2914 jugum

229 2897 363 3026 {ifflffl
401 2929 624 2996 laborantium
654 2929 782 3016 jugiter
814 2931 851 2994 in
884 2929 998 2995 eadem
1033 2929 1199 2996 difficilius
1230 2937 1457 3018 supportatur.

228 3029 340 3082 ΡΜ)
402 3029 488 3097 Cum
510 3031 623 3117 igitur,
645 3033 794 3119 sapiente
817 3031 968 3098 doctrina
991 3037 1145 3109 testante,
1163 3031 1206 3099 in
1227 3031 1458 3099 multitudine

228 3097 378 3226 ffmffi
395 3133 524 3222 populi
547 3131 591 3199 sit
614 3132 770 3218 dipsitoa
791 3131 881 3218 cepis
903 3140 933 3198 et
955 3131 998 3198 in
1016 3133 1192 3220 paucitate
1217 3133 1327 3220 plebis
1356 3133 1456 3219 epato-

228 3229 340 3348 (ἐῇῑῖἱξθ
399 3234 517 3302 minio
535 3234 721 3323 principis,
747 3257 804 3300 vos
839 3257 1010 3301 monemus
1043 3239 1077 3298 et
1109 3235 1284 3302 hortamur
1316 3235 1353 3300 in
1386 3235 1457 3302 Do-

225 3363 366 3416 mana,
399 3338 491 3405 mino
520 3339 602 3405 Jesu
637 3337 771 3405 Christo
805 3344 840 3404 et
874 3337 1023 3404 districte
1057 3339 1261 3418 mandamus,
1295 3339 1455 3425 quatinus

398 3441 575 3527 praefatum
603 3439 812 3506 Conventum
850 3439 893 3504 ad
925 3439 1102 3526 antiquum
1136 3452 1170 3506 et
1201 3440 1352 3506 debitum
1389 3463 1456 3506 nu-

397 3563 524 3607 merum
547 3542 886 3619 monachorum,cun1
910 3543 1001 3606 omni
1024 3563 1089 3628 qua
1111 3543 1258 3628 potueris
1281 3543 1456 3610 commoda

394 3642 572 3721 celeritate,
605 3665 664 3729 per
696 3643 940 3730 suppletionem
976 3665 1195 3730 congruarum
1229 3665 1454 3732 personarum,

393 3743 550 3830 vigilanti
584 3745 695 3809 studio
726 3745 912 3824 reducatis3
946 3750 986 3810 ut
1017 3749 1132 3812 contra
1170 3745 1298 3812 hostem
1335 3748 1454 3814 multi-

393 3847 510 3912 formis
554 3847 713 3933 nequitiae
751 3847 994 3933 multiplicetur
1032 3849 1197 3914 exercitus
1230 3849 1454 3930 bellatorum

394 3949 560 4015 modicum
583 3950 672 4014 enim
696 3949 749 4015 vel
772 3949 903 4014 nullum
927 3973 969 4015 ex
990 3950 1180 4036 hujusmodi
1204 3953 1317 4040 eclipsi
1339 3957 1454 4040 quoad

393 4059 545 4140 sumptus
569 4058 697 4118 vostros
729 4053 903 4118 annuatim
926 4053 1048 4120 sentire
1079 4077 1138 4120 voa
1172 4055 1336 4122 credimus
1367 4059 1454 4124 rele-

382 4179 522 4236 .vamen,
556 4157 642 4223 sicut
676 4162 790 4221 vestra
823 4157 1007 4223 assertione
1047 4159 1230 4247 recepimus
1264 4160 1452 4231 manifeste.

393 4262 465 4328 Nec
487 4259 656 4328 electionis
679 4259 733 4324 vel
756 4260 956 4346 acceptionis
987 4284 1199 4348 personarum
1232 4285 1291 4330 vos
1320 4265 1356 4329 in
1386 4265 1453 4334 hac

392 4371 487 4451 parte
510 4363 697 4450 aliqualiter
721 4363 756 4426 in
780 4367 850 4427 tam
874 4363 929 4448 pio
953 4371 1030 4430 actu
1066 4366 1228 4452 impediat
1261 4367 1452 4448 difficultas,

393 4467 586 4549 dumtamen
624 4465 778 4550 aliqualis
812 4467 1029 4551 probabilitas
1063 4463 1212 4554 personis
1243 4473 1452 4539 assumendis

391 4590 451 4654 per
473 4568 717 4654 fidedignorum
740 4567 969 4633 testimonium
993 4591 1051 4635 sou
1073 4592 1134 4656 per
1155 4571 1257 4637 aliam
1290 4574 1451 4640 notitiam

392 4669 600 4754 suffragetur,
624 4669 710 4734 sicut
732 4669 884 4734 videmus
907 4670 944 4733 in
966 4671 1042 4760 aliis
1072 4673 1246 4738 ordinibus
1280 4674 1351 4738 fieri
1382 4675 1453 4743 hiis

394 4770 512 4836 diebus
546 4778 681 4858 propter
712 4771 879 4839 defectum
913 4773 1090 4841 electarum
1126 4797 1348 4865 personarum,
1374 4801 1453 4880 quae
