3309 5859
438 874 501 935 154
892 890 1024 938 surana

266 1066 312 1117 has
325 1072 388 1121 soen
434 1058 543 1123 forum
579 1060 833 1126 ecclesiasticum
867 1062 1116 1147 pertinentium,
1138 1068 1174 1127 et
1203 1064 1272 1130 alia
1302 1066 1489 1131 omnimoda

263 1138 421 1267 {hfflpfflbl
429 1159 684 1245 jurisdictioet
650 1167 864 1248 epotestas
899 1163 1124 1243 ecclesiastica,
1159 1166 1242 1229 de
1228 1187 1304 1250 Jnre
1328 1167 1383 1232 vel
1416 1190 1492 1234 oon·

262 1275 301 1317 ter
313 1270 395 1319 ostie
434 1265 620 1339 suetudine
654 1264 768 1329 debita
732 1264 966 1351 taEpiscopo
1000 1265 1228 1352 Norwycensi,
1250 1273 1285 1333 et
1318 1270 1489 1355 pertinens

262 1334 397 1461 cmm
432 1365 518 1429 ad
500 1366 695 1483 Episcopum
729 1368 986 1453 Norwycenscm
1024 1371 1099 1434 sede
1130 1370 1309 1457 episcopali
1343 1372 1488 1458 Ncrwy·

259 1466 441 1585 {mmm
432 1470 520 1533 censi
544 1470 691 1555 (plena),¹
708 1475 743 1534 et
765 1471 815 1535 ad
832 1470 1023 1556 Capitulum
1047 1472 1271 1557 Norwycense
1293 1476 1488 1560 pertineret,

259 1552 299 1663 „pff
294 1552 418 1651 sijup-,²⁸
433 1570 468 1632 in
508 1570 662 1649 Ecclesia,
685 1571 832 1649 civitatc,
855 1578 902 1637 et
934 1573 1068 1639 dioecesi
1106 1573 1397 1661 Norwycensibus,
1427 1600 1485 1641 va·

259 1669 335 1715 Ml·
333 1670 389 1719 seed
430 1678 534 1749 cante,
566 1674 637 1738 ut
628 1696 664 1737 m
698 1674 773 1739 aliis
807 1675 960 1751 ecclesiia,
983 1675 1187 1754 civitatibus,
1221 1682 1256 1741 et
1287 1679 1485 1745 dioecesibus

259 1740 374 1785 vaenue
430 1777 608 1861 provinciae
632 1776 891 1855 Cantuariensis,
915 1778 973 1864 qui
1002 1778 1070 1843 fuit
1103 1801 1163 1865 pro
1194 1785 1343 1866 tempore
1373 1788 1409 1846 et
1430 1789 1484 1848 eat

429 1877 535 1941 solum
570 1883 604 1943 ct
637 1878 824 1956 insolidum,
860 1880 984 1965 absque
1017 1880 1233 1965 requisitione
1268 1883 1397 1947 consilii
1428 1885 1484 1948 vel

427 2000 602 2045 consensus
626 1980 774 2068 Capituli
798 1982 1047 2047 Cantuariensis
1078 1982 1235 2048 Ecclesiae
1259 1983 1311 2048 vel
1336 1984 1481 2071 Norwy·

425 2084 537 2159 censis,
561 2091 726 2155 executus.
744 2090 777 2149 et
800 2106 914 2149 eorum
940 2085 1088 2149 omnium
1111 2091 1146 2149 et
1168 2084 1377 2171 stagnorum
1398 2087 1482 2153 libe-

426 2206 498 2249 rum
522 2186 724 2264 exercitium,
748 2209 806 2273 per
833 2208 868 2251 se
894 2194 928 2253 et
963 2187 1053 2265 alios,
1076 2187 1258 2272 pertineret
1280 2194 1383 2274 atque
1405 2212 1481 2274 per-

426 2288 540 2366 tinent,
563 2290 664 2353 etiam
688 2290 729 2353 dc
753 2289 1000 2367 consuetudine,
1016 2311 1038 2354 a
1059 2296 1205 2375 tempore
1221 2295 1257 2355 et
1270 2312 1331 2375 por
1346 2296 1481 2375 tempus

424 2412 464 2467 x,
488 2414 553 2471 xx,
577 2414 667 2468 xxx,
689 2391 742 2469 xl,
767 2398 802 2456 et
824 2392 870 2459 lx.
892 2414 1062 2469 annorum,
1085 2398 1120 2457 et
1143 2393 1244 2457 etiam
1267 2394 1362 2478 cujus
1384 2395 1481 2478 prin·

423 2494 546 2579 cipium
580 2494 751 2559 hominum
786 2494 927 2559 excessit
958 2496 1158 2569 memoriam,
1190 2495 1375 2571 observata,
1409 2496 1480 2561 dic·

422 2602 541 2681 tusque
583 2596 857 2683 Archiepiseopus
907 2597 1031 2661 eisdem
1077 2595 1284 2683 temporibus
1333 2605 1370 2662 et
1416 2621 1479 2684 per

422 2704 570 2784 tempora
594 2701 671 2785 ipsa,
695 2699 901 2776 vacantibus,
926 2700 1039 2764 eodem
1063 2706 1211 2785 tempore
1234 2700 1288 2764 vel
1322 2701 1474 2777 diversis

423 2802 567 2866 Ecclesia
591 2802 807 2887 Nor-wycensi
841 2810 875 2867 et
913 2803 987 2867 aliis
1017 2801 1263 2867 cathedralibus
1297 2804 1468 2889 supradic-

420 2905 471 2979 tis,
507 2906 677 2990 pmcmissa
720 2906 833 2969 omnia
873 2910 909 2969 ct
940 2905 1072 2991 singula
1115 2904 1153 2969 in
1190 2903 1344 2981 ecclesiis,
1380 2907 1462 2969 civi-

421 3006 556 3085 tatibus
588 3014 622 3071 et
653 3006 848 3071 dioecesibus
871 3007 1060 3072 memoratis
1090 3007 1282 3084 exercuerit,
1315 3029 1464 3073 exercere

418 3110 597 3185 consuevit,
637 3116 671 3173 et
719 3110 753 3171 iu
805 3111 1016 3195 possessione,
1058 3109 1112 3173 vel
1154 3110 1465 3194 quasi-possessione

419 3212 591 3276 exercendi
625 3211 733 3287 fuerit,
772 3230 831 3294 per
869 3234 902 3274 se
932 3216 966 3275 et
1004 3210 1093 3286 alios,
1131 3216 1164 3274 et
1199 3210 1302 3274 etiam
1345 3213 1468 3276 existat

420 3314 582 3379 Dominus
616 3313 782 3380 Walterus
827 3313 1102 3399 Archiepiscopus
1135 3314 1305 3398 praefatus,
1333 3314 1409 3399 jure
1430 3322 1466 3377 et

416 3418 547 3481 nomine
571 3415 724 3480 Ecclesiae
748 3416 1022 3495 Cantuariensis;
1056 3415 1183 3499 hocque
1217 3415 1292 3499 ipsi,
1314 3422 1351 3479 et
1379 3416 1465 3501 Cap-

414 3518 537 3582 itulum
583 3518 616 3581 N
619 3539 814 3602 orwycense,
861 3538 900 3582 ac
946 3516 1092 3593 abbates
1127 3516 1266 3602 praelati,
1312 3524 1460 3595 rectores,

414 3622 599 3687 beneficiati
653 3621 772 3699 clerici,
812 3622 926 3697 clerus,
964 3628 998 3685 et
1038 3620 1188 3707 populus,
1235 3620 1384 3686 civitatis
1428 3628 1463 3686 ct

413 3724 563 3790 dioecesis
594 3724 838 3809 Norwycensis,
861 3745 989 3787 necnon
1024 3722 1084 3787 alii
1118 3723 1272 3808 episcopi,
1305 3723 1462 3809 capitula,

411 3826 555 3902 abbates,
588 3826 725 3912 praelati,
757 3831 906 3900 rectores,
940 3824 1128 3889 beneficiati
1150 3823 1268 3900 clerici,
1291 3824 1461 3902 deremet

410 3930 559 4015 populna,
583 3927 761 4015 provinciae
784 3926 990 4013 supradictae,
1013 3926 1113 3991 verbo
1140 3931 1175 3989 et
1196 3924 1285 3991 facto
1308 3947 1459 4013 recogno-

409 4038 549 4096 verunt:
580 4038 692 4095 tamen
715 4030 808 4093 Prior
831 4034 865 4092 ct
887 4027 1079 4113 Capitulum
1104 4026 1286 4114 praelibatae
1310 4027 1459 4092 Ecclesiae

408 4132 648 4217 Norwycensis,
676 4136 710 4195 et
736 4130 871 4215 quidam
900 4128 958 4193 alii
984 4130 1020 4192 in
1045 4128 1108 4195 hac
1132 4134 1227 4215 parte
1251 4128 1457 4195 adhaerentes

406 4236 536 4313 eisdem,
564 4236 635 4320 ipsa
658 4232 802 4297 Ecclesia
824 4231 942 4295 ultimo
975 4237 1122 4307 vacante,
1146 4231 1247 4295 etiam
1282 4237 1455 4317 postquam

406 4338 469 4423 ipsi
509 4336 602 4400 Prior
626 4341 660 4399 et
688 4331 881 4418 Capitulum
915 4333 1074 4417 praedicta
1098 4333 1197 4397 verbo
1228 4338 1263 4397 et
1289 4333 1376 4399 facto
1405 4356 1453 4397 re-

404 4444 633 4525 cognoverant,
657 4436 749 4501 etin
775 4435 952 4521 praemissis
977 4441 1156 4520 paruerant
1172 4434 1316 4499 Domino
1337 4436 1453 4500 Archi-

403 4542 552 4625 episcopo
584 4539 780 4624 supradicto,
805 4538 913 4623 ipsum
940 4535 1123 4601 Dominum
1151 4535 1452 4623 Archiepisoopum,

402 4648 436 4705 ct
459 4642 611 4708 officiales
634 4647 667 4706 et
690 4641 857 4704 ministros
891 4662 974 4717 suos,
1008 4639 1051 4703 ad
1083 4638 1272 4725 hujusmodi
1298 4640 1451 4725 jurisdic-

402 4744 535 4820 tionem,
551 4742 786 4819 visitationem,
811 4746 846 4806 et
867 4742 1110 4817 correctionem,
1126 4746 1161 4805 et
1182 4741 1399 4826 punitionem,
1413 4742 1450 4805 in

800 4896 807 4925 ¹
816 4858 909 4957 ‘plena
922 4910 971 4943 om.
981 4894 1040 4944 MS.
