3309 5859
579 952 873 1006 mmmmm
1202 944 1243 1006 11

197 1141 322 1223 focem
348 1142 462 1230 ipsum
476 1140 508 1211 J.
524 1139 567 1211 R.
579 1142 623 1209 sd
637 1147 789 1211 nostrum
806 1142 1028 1211 fraternitatis
1050 1141 1252 1211 consortium
1264 1146 1421 1225 detonsus

197 1244 407 1311 admittimus
430 1248 464 1311 et
485 1244 744 1333 incorporamus,
758 1250 799 1312 ut
821 1246 970 1311 omnium
987 1249 1023 1311 et
1044 1243 1252 1332 singulorum
1263 1213 1385 1331 ffl,

203 1358 341 1439 operum
366 1349 505 1437 pietctis
540 1362 615 1435 qum
640 1349 677 1415 in
707 1354 824 1415 nostru
851 1347 1087 1415 cantuariensi
1109 1346 1256 1415 Ecclesia
1266 1362 1370 1425 payns

199 1458 298 1534 fiunt,
321 1460 356 1523 et
393 1456 512 1523 amodo
543 1454 627 1522 fient
647 1456 685 1521 in
722 1456 846 1534 futuro,
868 1456 914 1522 sit
946 1456 1112 1543 particeps
1142 1415 1401 1541 quocdsssssslvd'gg,us

200 1562 333 1639 vixerit,
366 1566 469 1647 utque
499 1564 576 1646 post
612 1559 743 1640 obitum
781 1559 853 1645 ejus
874 1560 964 1625 idem
1001 1580 1123 1632 munus
1146 1558 1252 1623 eidem
1266 1547 1415 1611 performed

202 1654 412 1733 concedimus¹
442 1684 503 1749 per
524 1648 713 1749 presentes.
760 1662 803 1727 In
829 1662 925 1749 cujus
946 1663 995 1729 rei
1025 1614 1400 1745 testimoniumssdodrf'eu

202 1766 351 1867 sigillum
366 1770 519 1835 nostrum
543 1786 717 1839 commune
732 1765 953 1859 praesentibus
967 1765 1108 1831 fecimus
1123 1763 1256 1851 apponi
1267 1748 1388 1864 22²thOE

202 1870 330 1939 Dstum
351 1870 389 1934 in
413 1868 510 1969 domo
532 1873 647 1935 nostru
671 1866 861 1957 Capitulori
883 1868 946 1949 die,
970 1890 1092 1948 mense,
1108 1872 1143 1934 et
1168 1890 1255 1937 anno
1268 1880 1395 1932 Convenc

203 1972 335 2040 talibus

206 2249 395 2319 13.-Am
417 2249 572 2317 mess
595 2248 876 2317 hismundus
898 2266 1072 2318 concussu
1103 2250 1258 2319 Domum
1272 2264 1298 2318 s.
1311 2270 1360 2319 212
1369 2266 1393 2317 c.

480 2353 524 2421 id
544 2352 581 2421 0.
605 2370 649 2418 un
670 2368 771 2432 surm,
794 2370 841 2419 ur
864 2369 980 2420 nsum.

230 2470 424 2590 'omnibus
447 2520 574 2603 Christi
606 2521 763 2589 fidelibus
794 2523 838 2587 cd
869 2478 952 2608 quos
982 2528 1107 2591 nostroe
1137 2523 1400 2591 desereremus

207 2624 431 2713 pervenerint,
453 2623 598 2691 Thomas
629 2624 845 2711 permissione
878 2625 993 2691 divino
1024 2626 1120 2693 Prior
1151 2627 1425 2693 Eoolo-Alettewf

207 2728 265 2794 siae
297 2726 425 2793 Christi
452 2724 704 2793 Contucrieusis
736 2730 771 2791 et
793 2727 941 2813 ejusdem
972 2728 1037 2793 loci
1060 2727 1261 2815 Capitulum,
1273 2698 1412 2829 pptpfnter-

209 2826 353 2894 sulutem
368 2826 405 2891 in
420 2824 564 2893 Domino
587 2828 834 2913 sempiternom.
879 2828 1105 2895 Attendentes
1127 2830 1262 2897 dnoerae
1274 2832 1422 2896 meeum

208 2929 399 3001 dovotionis
432 2930 589 2998 effectum
622 2950 721 3017 quem
743 2931 930 2997 reverendo
960 2937 996 2998 ot
1028 2932 1195 2999 carissimu
1225 2897 1380 3029 inssffl.

211 3033 346 3101 cbristo
373 3033 509 3099 dominc
539 3032 585 3100 M.
611 3032 657 3111 0„
678 3032 816 3098 humilis
838 3037 873 3098 et
895 3033 1019 3099 devoto
1048 3035 1260 3102 ccrisxnctum
1274 3046 1344 3097 ⁸80⁸·

210 3136 409 3214 aemdsuix,
432 3157 507 3203 cum
538 3137 606 3203 suis
628 3138 767 3215 meritis,
790 3136 954 3214 videlicet,
977 3135 1009 3203 J.
1032 3138 1076 3203 N.
1098 3139 1262 3225 armigero

209 3248 244 3308 ot
276 3240 420 3306 Domino
457 3240 496 3307 It
529 3238 566 3307 st
600 3240 716 3320 milite,
748 3244 836 3305 nutu
874 3238 989 3305 divino
1021 3238 1065 3305 cb
1098 3238 1161 3306 boc
1189 3241 1263 3308 luce

209 3343 467 3411 misericorditer
497 3342 686 3420 subtractis,
708 3364 777 3409 unc
813 3362 890 3409 cum
919 3340 990 3407 filio
1024 3364 1084 3409 suo
1118 3342 1264 3412 Domino

210 3448 250 3513 R„
274 3445 310 3513 (t
332 3446 449 3523 milito,
472 3451 508 3513 et
530 3446 676 3513 Domina
700 3444 736 3512 u
757 3434 908 3532 ejusdem
929 3443 1131 3523 contborcle,
1153 3446 1265 3513 cdbnc

212 3549 417 3638 degentibus,
449 3555 583 3637 propter
613 3548 722 3615 Deum
754 3553 789 3615 et
818 3546 1022 3635 singularem
1053 3548 1263 3615 devotionem

212 3674 312 3739 quum
345 3651 419 3738 ipsc
439 3650 639 3717 venerabilis
661 3649 796 3715 dominu
817 3648 992 3736 praelibotc
1013 3670 1092 3737 erge
1113 3656 1262 3718 nostrum

212 3758 362 3820 muctam
385 3751 662 3819 Contucriousem
685 3752 867 3818 Ecclesium
889 3756 924 3817 et
958 3752 1002 3817 sd
1034 3751 1263 3841 perinolytum

212 3862 247 3924 et
268 3855 451 3944 pretiosum
473 3854 647 3921 Murtbem
669 3854 811 3921 Beatum
835 3852 1006 3931 Thomm,
1028 3854 1123 3941 cujus
1145 3876 1263 3943 corpus

211 3958 363 4025 indicto
384 3964 593 4025 socrosancta
616 3956 762 4024 Ecclesia
783 3956 963 4022 honorifice
993 3956 1087 4043 jccot
1120 3959 1268 4024 tumulo·

207 4068 296 4137 tum,
333 4082 372 4128 cc
419 4060 502 4127 ulios
539 4058 687 4145 ejusdem
724 4058 881 4125 Ecclesito
928 4062 1094 4145 patronos,
1131 4060 1269 4146 gessisse

215 4163 343 4231 diutius
380 4162 593 4249 perhibetur3
633 4161 741 4247 ipsum
773 4160 944 4225 dominum
981 4161 1270 4245 praenominctom,

215 4266 348 4333 devotis
370 4266 518 4351 ejusdem
539 4263 692 4352 precibus
714 4263 877 4342 inclinati,
900 4267 937 4329 et
970 4262 1154 4348 quemlibet
1184 4262 1270 4350 ipso-

215 4392 291 4437 rum
313 4391 372 4457 per
393 4390 438 4449 se,
459 4368 497 4434 in
526 4368 660 4455 plenam
694 4372 729 4433 et
758 4371 955 4454 perpetuum
987 4366 1096 4431 nostri
1119 4366 1270 4452 Capituli

216 4472 470 4550 fraternitatem,
492 4470 621 4537 intuitu
643 4469 803 4547 sedistis,
819 4467 1040 4545 admittimus,
1056 4473 1092 4533 et
1115 4468 1270 4536 devotius

216 4573 457 4661 amplexemur,
480 4594 519 4639 cc
542 4570 751 4659 singidonum
784 4570 923 4659 pietatis
945 4590 1093 4657 operum,
1115 4592 1190 4657 quse
1213 4592 1273 4637 no·

218 4679 347 4744 biscum
369 4677 407 4741 in
420 4682 534 4743 nostro
555 4680 671 4743 sanctu
686 4674 920 4743 Contusriensi
944 4673 1091 4741 Ecclesia
1111 4675 1199 4741 fiunt
1213 4683 1274 4745 out

220 4778 374 4869 deinceps
389 4778 471 4847 fient
485 4778 742 4867 imperpetuum,
758 4777 937 4867 porticipcs
959 4798 1040 4856 osse,
1056 4783 1125 4845 tom
1140 4778 1178 4844 in
1200 4780 1274 4846 vito
