3309 5859
541 984 831 1034 cerrusmunsus.
1147 970 1209 1032 367

142 1196 195 1239 ex
213 1195 412 1261 quacunque
427 1194 526 1241 causa
540 1174 595 1239 vel
611 1174 717 1241 colore
732 1173 773 1238 de
785 1172 1034 1258 quibuscunque
1044 1168 1213 1255 personis1

145 1277 283 1343 eisdem
314 1276 462 1365 personis
495 1276 652 1355 venditis
684 1275 853 1363 praestitis,
891 1274 945 1339 vel
979 1275 1022 1339 ad
1056 1278 1211 1337 mutuum

145 1378 301 1455 traditis,
324 1399 381 1443 seu
417 1398 518 1464 penes
553 1377 683 1443 easdem
716 1396 873 1463 personas
897 1375 1056 1462 depositis
1086 1375 1140 1439 vel
1163 1374 1211 1437 di-

147 1481 277 1558 missis
301 1480 390 1545 infra
413 1485 542 1547 certum
565 1485 708 1566 tempus,
726 1480 798 1565 jam
830 1478 989 1565 elapsum,
1012 1476 1157 1542 fideliter
1179 1483 1214 1542 et

147 1582 289 1670 integre
311 1584 409 1649 nobis
439 1583 596 1649 liberares
619 1589 653 1649 et
683 1582 840 1659 traderes,
865 1582 929 1647 sub
960 1601 1061 1667 poene
1083 1600 1213 1665 separa-

148 1685 259 1750 tionis
281 1707 303 1752 a
324 1685 555 1751 communione
578 1683 721 1751 fratrum
743 1682 999 1762 incurrendam
1022 1681 1214 1747 monitioni·

151 1787 220 1853 bus
243 1791 368 1855 nostris
390 1788 583 1874 hujusmodi
605 1810 675 1854 non
697 1784 837 1874 pareres.

202 1890 300 1974 Quia,
317 1897 438 1971 tamen,
453 1891 644 1977 hujusmodi
659 1889 898 1956 monitionibus
913 1890 1035 1955 nostris
1050 1887 1215 1955 canonicis

154 1992 222 2058 tibi
260 1994 356 2061 factis
394 2014 509 2081 parere
547 1994 707 2061 hactenus
739 1992 990 2078 contempsisti3
1023 2012 1093 2067 nos,
1117 1988 1215 2055 officii

155 2098 266 2161 nostri
288 2097 439 2163 debitum
463 2097 592 2183 exequi,
609 2102 643 2161 et
666 2095 787 2161 auimae
810 2099 879 2161 ture
903 2094 1044 2161 salutem
1067 2093 1215 2158 volentes

156 2199 352 2285 prospicere,
386 2203 426 2264 ut
457 2203 620 2275 tenemur,
644 2197 901 2285 pronuntiemus
933 2202 967 2262 te
999 2194 1215 2283 pertinaciter

158 2298 406 2365 inobedientem
432 2303 467 2365 et
494 2297 773 2386 proprietatem
794 2298 971 2375 notorium,
994 2301 1037 2371 et,
1059 2318 1119 2383 pro
1151 2294 1215 2359 hiis

159 2401 279 2479 causis,
303 2402 473 2468 demeritis
506 2402 575 2466 tuis
608 2400 832 2487 exigentibus
854 2399 891 2463 iu
924 2398 1057 2483 majoris
1081 2418 1213 2462 excom·
1267 2452 1272 2461 .

160 2503 397 2570 munieatiouis
431 2503 631 2569 sententiam
664 2502 922 2588 dampnabiliter
954 2501 1115 2566 incidisse.
1172 2500 1217 2563 Et

150 2627 203 2670 ne
226 2628 294 2670 una
325 2608 398 2673 ovis
429 2606 580 2671 morbida
602 2605 807 2671 contaminet
841 2610 952 2671 totum
974 2626 1115 2691 gregem,
1140 2610 1173 2667 te
1196 2624 1217 2667 a

161 2710 390 2774 communione
425 2708 567 2775 fratrum
599 2728 799 2794 separamus,
823 2728 994 2794 quousque
1017 2704 1215 2771 beneficium

163 2810 381 2877 absolutionis
404 2811 563 2877 merueris
587 2812 744 2898 optinere.

207 2912 414 3000 Praefigimus
437 2915 538 2979 etiam
562 2913 626 2979 tibi
649 2914 828 2979 terminum
844 2914 1102 3000 peremptorium
1120 2913 1215 2999 quin-

163 3015 267 3081 decim
305 3016 443 3094 dierum,
483 3016 571 3101 quod
608 3015 696 3080 infra
735 3016 925 3101 quindecim
960 3016 1029 3081 dies
1062 3016 1217 3082 continue

164 3122 344 3203 sequentes,
367 3118 410 3183 ab
442 3117 635 3203 hujusmodi
657 3117 834 3183 sententiis
858 3124 892 3183 et
926 3118 1037 3201 poenis
1060 3136 1142 3203 quas
1158 3118 1214 3199 uin·

165 3221 296 3287 curristi
318 3222 448 3289 facietis
470 3227 505 3287 te
535 3222 675 3297 absolvi,
698 3221 856 3306 alioquin,
879 3242 939 3286 nos
965 3243 1097 3287 exnunc
1120 3228 1218 3307 prout

166 3331 288 3392 extunc
318 3328 571 3413 pronuntiamus
605 3331 647 3404 te,
672 3332 833 3411 tauquam
862 3325 1107 3393 inobedientem
1136 3347 1217 3411 pro-

162 3428 372 3516 prietarium
406 3435 440 3495 et
469 3429 738 3515 incorrigibilem,
770 3428 842 3495 fore
874 3429 1027 3494 carcerali
1059 3429 1216 3494 custodite

166 3531 426 3616 mancipandum.
474 3530 569 3595 Etsi
592 3531 808 3616 imposterum
833 3530 997 3616 pertinum,
1013 3530 1217 3608 inobediens,

167 3640 200 3699 et
243 3632 477 3720 incorrigibilis
522 3633 685 3710 extiteris,
721 3639 754 3698 et
792 3633 988 3712 obstinatus,
1027 3655 1095 3713 uos,
1128 3654 1216 3699 nunc

167 3739 263 3822 prout
297 3742 430 3813 extunc,
461 3742 496 3801 te
528 3735 596 3802 fore
631 3736 838 3802 decrevimus
870 3757 890 3801 a
925 3736 1126 3802 Monssterio
1159 3758 1215 3801 ex-

167 3838 361 3925 pellendum,
371 3838 474 3924 juxta
496 3837 695 3904 Sanctorum
717 3844 852 3924 patmm
868 3839 1026 3905 canonice
1050 3838 1215 3916 instituta,

168 3946 201 4006 et
221 3941 450 4006 observantias
472 3940 646 4026 regulares.

136 4200 139 4206 ,
170 4146 237 4211 356.
253 4182 298 4194 -
314 4143 507 4210 Gemuere
553 4142 691 4207 Doumr
729 4141 886 4206 Hurmer
927 4144 1070 4208 Pmoms
1109 4160 1215 4209 rums
1263 4150 1357 4201 suune

319 4246 453 4310 Fmrar
484 4244 516 4309 S.
539 4260 586 4308 ns
618 4244 754 4310 smero
787 4242 916 4321 Purus,
951 4261 1017 4309 reo
1055 4262 1214 4312 nanuum
1272 4220 1344 4266 ¹³³¹·
1404 4322 1405 4325 Ἴ

320 4364 441 4413 nunno
463 4346 610 4412 Domuo
634 4346 671 4413 R.
697 4363 744 4411 ms
766 4346 988 4425 Suessanum
1010 4345 1146 4413 murm.²
1227 4337 1257 4386 L·
1272 4339 1353 4388 1⁷⁸⁰·

212 4488 373 4554 Henricus
399 4486 617 4573 permissione
643 4486 759 4551 divina
783 4483 881 4550 Prior
911 4485 1063 4553 Ecclesiae
1087 4487 1215 4555 Christi
1229 4480 1387 4558 uhecrstos

174 4588 416 4656 Oanluariensis
455 4587 576 4653 dilecto
614 4586 678 4652 sibi
716 4587 752 4651 in
791 4584 927 4652 Christo
966 4587 1077 4654 Fratri
1110 4590 1142 4658 S.
1176 4592 1216 4657 de
1229 4549 1380 4669 ffifflff

204 4794 211 4826 ¹
228 4794 318 4844 bonis?
713 4792 791 4849 June,
810 4791 833 4839 is
853 4790 947 4850 lssued,
959 4790 1018 4841 died
1038 4808 1070 4842 on
1086 4795 1131 4844 eth
1142 4795 1217 4859 April

203 4873 213 4905 ²
227 4872 300 4923 Prior
306 4872 396 4936 Heury
404 4871 435 4922 of
437 4872 540 4936 Eestry,
548 4870 575 4921 in
583 4871 668 4921 whose
717 4874 789 4929 18³1,
801 4870 850 4919 und
860 4884 910 4919 was
922 4871 1219 4937 suoceodedbyRichard

175 4971 241 5007 name
267 4952 319 5003 this
341 4950 510 5013 oommisninn,
529 4951 604 5001 dated
625 4949 670 5000 tlh
716 4949 848 5000 Oxenden.
883 4948 936 4999 The
947 4948 1110 5013 difficultyss
1130 4958 1156 5003 to
1175 4955 1218 5003 the
