3309 5859
477 973 482 984 .
518 908 812 958 cAN'rUARmNsus.
1131 895 1195 958 519

84 1096 263 1172 curatis,
288 1117 347 1181 per
369 1099 498 1160 vestras
522 1095 652 1161 litteras
677 1095 794 1161 harum
826 1096 942 1160 seriem
975 1094 1196 1160 continentes,

92 1197 218 1262 Data
269 1197 452 1262 Londoniis
498 1197 561 1262 sub
606 1197 715 1284 sigillo
760 1196 859 1264 officii
905 1197 1011 1262 nostri
1058 1196 1196 1263 Domini

101 1297 423 1364 nroooo‘ucnnm10.l

106 1601 414 1668 ‹sss-mmm
442 1618 594 1668 nrsncm
625 1603 667 1668 Η
695 1618 742 1666 nn
773 1601 1001 1667 Lmrnmonn
1031 1599 1188 1664 anrvo
1226 1596 1341 1647 2⁰N0v·

293 1721 426 1770 soemo
459 1721 508 1769 nn
537 1705 745 1782 Decimum,
776 1721 822 1768 nn
855 1718 1072 1769 nncnermsn
1104 1717 1188 1764 san-
1249 1668 1323 1716 ¹³³²

292 1822 396 1873 omns
426 1822 552 1872 sosrm
574 1823 707 1884 rnmnu,
731 1823 774 1871 nr
805 1823 854 1873 nn
876 1821 968 1870 mus
1000 1818 1190 1869 commum
1205 1802 1233 1852 L·
1246 1800 1311 1851 ⁹⁸1²·

293 1925 339 1973 nn
362 1925 471 1974 ranan
495 1927 533 1974 m
556 1925 711 1975 mrrnm.

172 2069 355 2138 Salutem
345 2096 381 2138 1n
397 2073 537 2141 Christo.
583 2073 794 2160 Inspeximus
810 2073 941 2137 litteras
956 2075 1091 2147 vestras,
1106 2091 1188 2156 quas
1199 2077 1255 2129 rho
1266 2075 1340 2128 Pn'or

120 2196 172 2238 cx
197 2179 296 2260 parte
319 2183 431 2242 vestra
452 2177 548 2242 nobis
572 2177 713 2242 tradidit
735 2175 906 2241 dohannes
937 2175 978 2240 de
1010 2146 1346 2276 Kyngwelllecgoeds

121 2277 332 2362 praepositus
370 2283 482 2344 noster
520 2279 561 2343 de
600 2278 812 2356 Dockombe3
844 2277 965 2362 quibus
1001 2275 1161 2342 intellect
1136 2281 1190 2354 trs,
1201 2275 1365 2394 paymentqf

122 2379 317 2463 recepimus
339 2381 382 2444 ab
416 2379 531 2446 eodem
559 2379 721 2457 Johanne,
745 2402 804 2466 pro
839 2379 973 2444 redditu
1004 2383 1117 2442 nostro
1146 2378 1188 2442 de
1199 2345 1246 2462 ,hg
1255 2349 1346 2460 ἓξὲξ,

127 2479 329 2546 Dockombe
352 2482 393 2546 de
416 2503 504 2548 enno
527 2483 621 2568 regni
655 2481 758 2567 Regis
794 2481 821 2545 F
825 2480 954 2546 dwardr
987 2481 1080 2545 tertii
1110 2483 1187 2566 post
1197 2479 1310 2599 οοὲὓᾷῦ·

126 2589 348 2668 conquestum
372 2585 497 2670 quinte,
522 2607 580 2650 sex
602 2584 703 2651 libras
728 2589 802 2650 octo
818 2583 946 2661 solidos,
970 2588 1005 2647 et
1026 2583 1074 2648 sic
1095 2588 1187 2648 tene·

129 2691 191 2750 tur
213 2687 309 2752 nobis
331 2688 440 2754 dictus
463 2689 694 2774 praepositus'
685 2709 722 2752 1n
746 2687 888 2774 triginta
912 2687 1060 2771 quinque
1075 2685 1188 2752 solidis

132 2811 194 2855 sex
217 2790 360 2856 denariis
383 2791 486 2869 obolo,
510 2791 597 2856 sicut
620 2796 715 2877 patet
737 2791 774 2854 in
796 2791 881 2876 pede
904 2789 1051 2875 computi
1078 2789 1190 2854 ultimi

132 2915 195 2980 per
216 2915 275 2960 vos
297 2895 392 2960 nobis
415 2894 620 2974 transmissi;
667 2915 768 2978 quam
791 2893 968 2979 pecuniam
990 2893 1191 2978 quamcitius

135 2996 302 3062 commode
336 2997 488 3083 poteritis
522 2997 632 3060 levare
666 2995 809 3060 faciatis.
881 2993 997 3073 Quoad
1028 2995 1191 3082 quinqua·

136 3099 230 3183 ginta
251 3097 382 3174 solidos,
404 3100 440 3162 in
464 3098 584 3183 quibus
608 3097 704 3161 nobis
728 3099 889 3160 tenentur
912 3101 1062 3176 tepentes
1084 3097 1191 3162 nostri

141 3202 182 3266 de
215 3200 405 3266 Dookombe
439 3222 521 3286 pro,
537 3199 681 3286 quadam
720 3197 905 3274 taxatione,
927 3198 968 3262 de
998 3219 1065 3283 qua
1095 3199 1191 3264 nobis

140 3304 320 3390 scripsistis,
344 3305 507 3369 Dominus
546 3302 721 3382 Waltclus,
745 3301 836 3366 filius
873 3305 991 3378 vester,
1014 3301 1110 3367 nobis
1134 3325 1191 3369 vo·

142 3407 299 3478 luntatem
338 3411 493 3483 nostram,
525 3409 565 3469 ut
596 3404 692 3470 nobis
730 3403 895 3490 promisit,
927 3401 1070 3468 fideliter
1104 3426 1191 3470 com-

143 3507 327 3573 municabit.
372 3506 493 3571 Adhuc
516 3505 623 3591 placet
653 3505 750 3570 nobis
777 3505 867 3589 quod
890 3503 979 3570 dicto
1001 3505 1191 3591 praeposito,

143 3608 253 3673 nativo
284 3613 407 3685 nostre,
430 3607 557 3674 traditu
579 3611 631 3671 est
660 3612 750 3672 terra
781 3612 904 3688 nostra,
928 3606 990 3671 sub
1012 3606 1120 3673 forma
1142 3629 1190 3673 sc·

144 3711 278 3779 cundum
302 3733 402 3797 quam
435 3710 530 3776 nobis
553 3710 733 3796 scripsistis
745 3733 753 3790 ;
775 3714 811 3774 et
833 3710 943 3795 quoad
971 3710 1075 3775 alium
1098 3716 1191 3778 tene·

145 3821 284 3882 mentum
306 3820 468 3890 nostrum,
490 3813 531 3878 de
554 3834 620 3897 quo
651 3813 893 3897 conquerimini
925 3833 983 3898 per
1016 3813 1190 3900 cujusdam

146 3917 333 3984 narrationis
378 3915 652 4002 superfluitatem,
698 3915 801 3992 vobis,
840 3938 882 3979 ex
927 3919 1021 4000 parte
1066 3922 1190 3994 nostra,
1231 3916 1235 3923 ’

149 4021 245 4086 dictus
275 4019 439 4084 Dominus
473 4017 534 4094 W,
557 4017 647 4082 filius
679 4022 799 4094 vester,
822 4017 922 4095 dicet,
944 4021 984 4082 ut
1017 4018 1190 4098 credimus,

149 4123 228 4209 quod
247 4122 414 4187 sentimus.
461 4119 626 4197 Ceterum,
642 4118 809 4184 mittimus
832 4117 876 4182 ad
895 4139 954 4182 vos
977 4118 1187 4204 perlatorem

150 4223 345 4312 presentium
375 4220 637 4306 acquietuntiam
668 4221 708 4286 de
739 4219 890 4305 pecunie,
913 4224 953 4285 ut
974 4220 1125 4305 superius
1148 4220 1189 4285 fit

151 4326 268 4402 mentio,
291 4347 350 4410 per
371 4344 432 4387 nos
454 4327 594 4409 recepta.
641 4320 758 4388 Valete
780 4323 816 4386 in
841 4319 983 4399 Christo,
998 4326 1034 4387 et
1055 4323 1189 4386 valeant

153 4431 275 4516 quivos
309 4425 450 4492 feliciter
482 4425 593 4491 valere
625 4423 815 4488 desiderant
838 4428 874 4488 et
895 4423 1015 4491 videre,
1060 4423 1188 4489 Datum

552 4591 746 4599 -—.—-.-
761 4590 864 4598 --—·
1153 4595 1189 4604 .-

180 4685 251 4734 flue
271 4680 436 4744 Archbishop
463 4678 522 4730 died
545 4677 632 4728 within
684 4675 774 4728 bnried
796 4675 861 4726 until
889 4676 930 4726 hia
962 4677 1027 4726 dmd
1045 4677 1114 4744 body
1134 4693 1187 4729 vus

153 4767 189 4816 the
199 4779 251 4828 year
262 4763 343 4810 under
354 4760 406 4808 thia
418 4765 537 4808 sentence
550 4757 579 4806 oi
589 4771 634 4806 ex·
683 4755 813 4805 absolves.

153 4839 355 4899 communication,
373 4839 424 4889 and
442 4837 518 4890 could
538 4843 583 4886 not
602 4838 633 4888 be
