3309 5859
607 920 897 973 caummmnsas.
1236 908 1277 970 31

225 1122 335 1184 erecta
365 1140 469 1198 cruce,
503 1126 638 1208 repente
670 1121 821 1197 transire,
857 1120 894 1184 in
925 1118 1091 1184 libe1tatis
1124 1116 1280 1184 Ecclesia
1297 1144 1368 1179 vara
1380 1128 1415 1179 all

226 1226 348 1286 nostrae
382 1223 612 1310 praejudicium
650 1229 685 1290 et
716 1227 964 1310 contemptum
1001 1221 1279 1309 praedecessorum
1297 1197 1457 1312 ξξξέῗξζῖᾗο,

229 1330 417 1390 nostrorum
462 1327 612 1414 vestigiis
667 1325 877 1404 inhaerentes,
923 1326 1115 1392 discretioni
1161 1330 1281 1390 vestrae
1298 1326 1422 1406 ririeqin·

228 1426 367 1492 tinniter
388 1428 592 1515 injungendo
626 1429 867 1495 committimus
898 1433 932 1492 et
962 1427 1167 1504 mandamus,
1201 1449 1281 1513 qua·
1298 1395 1450 1524 ffiffiffi

229 1528 330 1606 tinus,
352 1530 389 1595 in
422 1530 485 1596 hac
516 1536 611 1618 parte
634 1553 700 1618 >pro
723 1532 877 1598 Ecclesiae
911 1534 1032 1596 nostrae
1060 1529 1194 1615 juribus
1218 1529 1282 1644 sol:
1298 1526 1442 1658 &affi-

229 1629 320 1696 licite
350 1631 538 1722 vigilantes,
572 1633 613 1699 de
644 1633 867 1720 applicatione
901 1631 1049 1718 ejusdem
1081 1653 1157 1698 oum
1192 1650 1282 1696 omm
1300 1659 1445 1710 Yorkfrom

229 1732 360 1798 cautela
392 1755 459 1820 qua
495 1735 649 1822 poteritis
687 1735 865 1822 diligenter
898 1733 1095 1820 inquiratis;
1134 1738 1169 1798 et
1205 1753 1280 1799 cum
1299 1725 1385 1792 pessin

230 1835 437 1922 applicuerit,
482 1837 592 1924 ipsum
629 1837 932 1925 Archiepisoopum,
978 1836 1086 1901 modis
1130 1836 1283 1902 omnibus
1300 1791 1457 1909 {idibem

232 1936 354 2022 quibus
386 1938 525 2005 honeste
556 1939 719 2027 poteritis,
750 1945 786 2006 at
822 1939 886 2006 sibi
917 1938 1127 2004 adhaerentes
1156 1938 1193 2003 in
1222 1937 1285 2004 hac
1300 1924 1448 2057 ζὶξᾚ·

232 2045 328 2126 parte
351 2042 515 2108 moneatis
546 2040 723 2109 efficaciter
757 2047 792 2110 et
813 2041 992 2121 inducatis,
1015 2041 1104 2127 quod
1135 2041 1179 2106 ab
1213 2039 1286 2127 ipsa
1302 2057 1426 2109 macrae

231 2142 437 2229 bajulatione
470 2145 576 2212 crucis
609 2167 669 2232 per
701 2145 871 2212 dioecesim
903 2144 957 2210 vel
980 2143 1187 2230 provinciam
1210 2163 1285 2208 nos·
1301 2125 1436 2250 ffssffi

231 2250 319 2310 tram
352 2245 488 2312 omnino
518 2246 690 2325 desistant,
721 2247 826 2314 nichil
858 2247 895 2310 in
929 2247 1034 2312 nostri
1069 2249 1104 2311 et
1131 2243 1286 2310 Ecclesiae
1301 2255 1405 2307 orwirh

233 2352 356 2414 nostrae
378 2349 607 2436 praejudicium
630 2370 729 2436 super
751 2350 814 2417 hoc
837 2349 1091 2436 attemptando;
1112 2347 1175 2414 hoc
1198 2346 1285 2412 idern
1303 2321 1439 2440 ffifflef'
1537 2395 1541 2408 .

233 2450 373 2537 singulis
405 2451 538 2518 decanis
561 2457 595 2519 et
617 2453 799 2519 rectoribus
833 2474 872 2518 ac
895 2451 969 2518 aliis
995 2449 1285 2537 jurisdictionibus
1303 2455 1434 2534 pontificat

234 2553 381 2619 locorum
415 2575 474 2640 per
509 2574 584 2639 quas
617 2554 729 2641 ipsum
760 2553 941 2620 transitum
972 2552 1079 2619 facere
1111 2552 1289 2640 contigelit
1303 2525 1414 2590 ‘hm'

235 2653 376 2720 firmiter
412 2653 626 2742 injungendo.
689 2655 850 2741 Alioquin
880 2654 992 2721 omnia
1021 2654 1092 2720 loca
1121 2654 1195 2741 ipsa
1228 2674 1287 2740 per

235 2775 309 2841 quae
342 2760 452 2821 erecta
482 2776 578 2822 cruce
613 2757 794 2821 transitum
829 2755 948 2822 fecerit
970 2776 1028 2822 seu
1059 2776 1186 2822 moram
1210 2776 1288 2840 sup-

234 2857 367 2942 ponatis
390 2857 609 2924 ecclesiastico
632 2857 820 2924 interdicto.
867 2855 1054 2922 Inhibeetis
1070 2879 1128 2922 seu
1144 2854 1288 2921 inhiberi

235 2957 364 3025 faciatis
394 2960 548 3026 omnibus
578 2959 724 3026 subditis
755 2960 887 3039 nostris,
919 2959 982 3025 sub
1017 2980 1118 3046 poena
1153 2979 1286 3024 excom-

236 3061 479 3139 municationis,
501 3084 544 3127 ne
575 3083 611 3127 se
633 3063 678 3127 ad
699 3061 771 3149 ejus
804 3061 1068 3128 benedictionem
1100 3059 1214 3126 taliter
1235 3061 1288 3124 in-

236 3162 384 3228 cedentis
416 3162 588 3243 inclinent,
611 3185 670 3229 seu
696 3163 733 3228 in
756 3163 817 3230 tali
840 3163 988 3228 transitu
1010 3162 1065 3228 vel
1087 3183 1179 3228 mora
1200 3182 1288 3228 cam-

235 3284 339 3352 panas
361 3263 487 3350 pulsari
519 3265 716 3342 sustineant,
737 3270 799 3331 aut
833 3263 938 3350 ipsius
970 3262 1287 3350 praesumptionibus

235 3365 373 3432 faveant
394 3367 514 3453 quovis
536 3367 642 3444 modo,
665 3374 922 3454 praesumptores
945 3365 979 3431 in
1003 3365 1207 3432 contrarium
1229 3385 1288 3452 per

236 3488 449 3555 quascunque
485 3490 641 3535 censuras
679 3466 917 3536 ecclesiasticas
955 3467 1209 3556 compescend03
1245 3488 1288 3532 ne

236 3568 355 3636 saltem
392 3570 465 3638 loca
496 3569 738 3656 jurisdictionis
770 3575 894 3637 nostrae
926 3569 1083 3636 videatur
1114 3570 1150 3634 in
1181 3569 1288 3636 nostri

234 3671 466 3759 praejudicium
496 3673 600 3739 libere
631 3677 666 3739 et
697 3673 833 3760 pacifice
865 3671 980 3739 taliter
1012 3669 1222 3759 pertradsire
1253 3676 1289 3738 et

236 3793 297 3839 nos
330 3795 390 3862 per
426 3775 707 3841 dissimulationes
743 3775 936 3861 hujusmodi
974 3774 1148 3840 videamur
1184 3775 1288 3862 ipsius

236 3875 369 3963 injuriae
390 3877 582 3944 consentire.
628 3877 674 3942 Et
696 3878 777 3963 quid
799 3877 944 3944 feceritis
959 3878 996 3943 in
1018 3877 1197 3965 praemissis
1219 3899 1288 3956 nos,

237 3976 309 4064 ipso
330 3979 465 4067 negotio
486 3979 627 4046 feliciter
659 3979 825 4067 expedito,
848 3979 1004 4048 distincte
1028 3983 1062 4045 et
1084 3985 1198 4065 aperte
1221 4001 1287 4045 eer-

239 4077 372 4146 tificetis
406 4102 465 4168 per
494 4081 627 4147 litteras
664 4087 793 4146 vetares
830 4085 984 4168 patentes
1022 4080 1141 4146 harum
1172 4081 1289 4146 seriem

237 4181 453 4249 continentes.
498 4182 626 4248 Datum
660 4182 752 4269 apud
774 4181 956 4269 Lamhegh,
979 4181 1141 4247 Kalendis
1174 4181 1288 4248 Martii

238 4304 326 4350 anno
348 4281 426 4350 Dni.
449 4297 599 4350 u0ccc¹¹¹⁰
622 4283 750 4370 quinte,
772 4283 1028 4352 consecrationis
1050 4288 1171 4349 nostrae
1193 4285 1268 4371 xijo.
