<?xml version="1.0" encoding="UTF-8"?>
<!DOCTYPE html PUBLIC "-//W3C//DTD XHTML 1.0 Transitional//EN"
    "http://www.w3.org/TR/xhtml1/DTD/xhtml1-transitional.dtd">
<html xmlns="http://www.w3.org/1999/xhtml" xml:lang="en" lang="en">
 <head>
  <title>
</title>
<meta http-equiv="Content-Type" content="text/html;charset=utf-8" />
  <meta name='ocr-system' content='tesseract 3.04.00' />
  <meta name='ocr-capabilities' content='ocr_page ocr_carea ocr_par ocr_line ocrx_word'/>
</head>
<body>
  <div class='ocr_page' id='page_1' title='image "./literaecantuari01shepgoog_0154.png"; bbox 0 0 3309 5859; ppageno 0'>
   <div class='ocr_carea' id='block_1_1' title="bbox 579 891 1247 989">
    <p class='ocr_par' dir='ltr' id='par_1_1' title="bbox 579 891 1247 989">
     <span class='ocr_line' id='line_1_1' title="bbox 579 891 1247 989; baseline -0.009 -31"><span class='ocrx_word' id='word_1_1' title='bbox 579 907 868 989; x_wconf 72' lang='lat' dir='ltr'>cnsrusmuusns</span> <span class='ocrx_word' id='word_1_2' title='bbox 1207 891 1247 953; x_wconf 86' lang='lat'>51</span> 
     </span>
    </p>
   </div>
   <div class='ocr_carea' id='block_1_2' title="bbox 196 1084 1395 1211">
    <p class='ocr_par' dir='ltr' id='par_1_2' title="bbox 196 1084 1395 1211">
     <span class='ocr_line' id='line_1_2' title="bbox 196 1084 1395 1211; baseline -0.008 -34"><span class='ocrx_word' id='word_1_3' title='bbox 196 1111 250 1177; x_wconf 86' lang='lat' dir='ltr'>vel</span> <span class='ocrx_word' id='word_1_4' title='bbox 282 1084 482 1211; x_wconf 69' lang='lat' dir='ltr'>gruvomem</span> <span class='ocrx_word' id='word_1_5' title='bbox 505 1131 564 1176; x_wconf 90' lang='lat' dir='ltr'>vos</span> <span class='ocrx_word' id='word_1_6' title='bbox 596 1114 709 1174; x_wconf 80' lang='lat' dir='ltr'>tumen</span> <span class='ocrx_word' id='word_1_7' title='bbox 732 1107 888 1196; x_wconf 79' lang='lat' dir='ltr'>preefstos</span> <span class='ocrx_word' id='word_1_8' title='bbox 911 1108 1057 1174; x_wconf 84' lang='lat' dir='ltr'>Priorem</span> <span class='ocrx_word' id='word_1_9' title='bbox 1092 1110 1126 1172; x_wconf 85' lang='lat' dir='ltr'>et</span> <span class='ocrx_word' id='word_1_10' title='bbox 1160 1104 1247 1172; x_wconf 87' lang='lat' dir='ltr'>Ocn-</span> <span class='ocrx_word' id='word_1_11' title='bbox 1234 1090 1323 1208; x_wconf 59' lang='lat' dir='ltr'>·it⁰t¹¹</span> <span class='ocrx_word' id='word_1_12' title='bbox 1331 1091 1395 1210; x_wconf 51' lang='lat' dir='ltr'>iiim</span> 
     </span>
    </p>
   </div>
   <div class='ocr_carea' id='block_1_3' title="bbox 181 1204 1391 3252">
    <p class='ocr_par' dir='ltr' id='par_1_3' title="bbox 181 1204 1391 3252">
     <span class='ocr_line' id='line_1_3' title="bbox 186 1204 1361 1300; baseline -0.003 -22"><span class='ocrx_word' id='word_1_13' title='bbox 186 1204 343 1290; x_wconf 71' lang='lat' dir='ltr'>uentum,</span> <span class='ocrx_word' id='word_1_14' title='bbox 366 1211 555 1300; x_wconf 77' lang='lat' dir='ltr'>pervarias</span> <span class='ocrx_word' id='word_1_15' title='bbox 586 1231 740 1277; x_wconf 79' lang='lat' dir='ltr'>censuros</span> <span class='ocrx_word' id='word_1_16' title='bbox 774 1209 1017 1288; x_wconf 80' lang='lat' dir='ltr'>ecclesiasticos,</span> <span class='ocrx_word' id='word_1_17' title='bbox 1041 1208 1276 1295; x_wconf 75' lang='lat' dir='ltr'>compulistisg</span> <span class='ocrx_word' id='word_1_18' title='bbox 1277 1227 1361 1276; x_wconf 77' lang='lat' dir='ltr'>enercr</span> 
     </span>
     <span class='ocr_line' id='line_1_4' title="bbox 187 1291 1391 1424; baseline -0.005 -42"><span class='ocrx_word' id='word_1_19' title='bbox 187 1315 241 1382; x_wconf 68' lang='lat' dir='ltr'>&#39;ed</span> <span class='ocrx_word' id='word_1_20' title='bbox 276 1315 471 1381; x_wconf 90' lang='lat' dir='ltr'>solvendum</span> <span class='ocrx_word' id='word_1_21' title='bbox 510 1312 604 1378; x_wconf 88' lang='lat' dir='ltr'>vobis</span> <span class='ocrx_word' id='word_1_22' title='bbox 642 1310 754 1378; x_wconf 90' lang='lat' dir='ltr'>decem</span> <span class='ocrx_word' id='word_1_23' title='bbox 787 1311 910 1378; x_wconf 88' lang='lat' dir='ltr'>solidos</span> <span class='ocrx_word' id='word_1_24' title='bbox 933 1333 991 1399; x_wconf 92' lang='lat' dir='ltr'>pro</span> <span class='ocrx_word' id='word_1_25' title='bbox 1015 1311 1141 1378; x_wconf 81' lang='lat' dir='ltr'>decime</span> <span class='ocrx_word' id='word_1_26' title='bbox 1163 1333 1245 1399; x_wconf 86' lang='lat' dir='ltr'>prae-</span> <span class='ocrx_word' id='word_1_27' title='bbox 1260 1291 1391 1424; x_wconf 52' lang='lat' dir='ltr'>sollffi</span> 
     </span>
     <span class='ocr_line' id='line_1_5' title="bbox 197 1412 1329 1500; baseline -0.002 -19"><span class='ocrx_word' id='word_1_28' title='bbox 197 1416 294 1495; x_wconf 83' lang='lat' dir='ltr'>dictu,</span> <span class='ocrx_word' id='word_1_29' title='bbox 310 1418 350 1483; x_wconf 92' lang='lat' dir='ltr'>de</span> <span class='ocrx_word' id='word_1_30' title='bbox 372 1415 468 1482; x_wconf 88' lang='lat' dir='ltr'>bonis</span> <span class='ocrx_word' id='word_1_31' title='bbox 490 1415 559 1480; x_wconf 87' lang='lat' dir='ltr'>suis</span> <span class='ocrx_word' id='word_1_32' title='bbox 580 1413 818 1500; x_wconf 74' lang='lat' dir='ltr'>temporalibus</span> <span class='ocrx_word' id='word_1_33' title='bbox 841 1413 930 1500; x_wconf 84' lang='lat' dir='ltr'>cpud</span> <span class='ocrx_word' id='word_1_34' title='bbox 946 1413 1111 1478; x_wconf 86' lang='lat' dir='ltr'>Mor&#39;ton</span> <span class='ocrx_word' id='word_1_35' title='bbox 1102 1435 1140 1478; x_wconf 90' lang='lat' dir='ltr'>m</span> <span class='ocrx_word' id='word_1_36' title='bbox 1156 1412 1302 1478; x_wconf 76' lang='lat' dir='ltr'>dictclsn</span> <span class='ocrx_word' id='word_1_37' title='bbox 1303 1426 1329 1479; x_wconf 72' lang='lat' dir='ltr'>d,</span> 
     </span>
     <span class='ocr_line' id='line_1_6' title="bbox 197 1515 1246 1595; baseline -0.004 -11"><span class='ocrx_word' id='word_1_38' title='bbox 197 1519 329 1586; x_wconf 89' lang='lat' dir='ltr'>dioecesi</span> <span class='ocrx_word' id='word_1_39' title='bbox 364 1519 544 1585; x_wconf 83' lang='lat' dir='ltr'>Exoniensi</span> <span class='ocrx_word' id='word_1_40' title='bbox 577 1517 807 1595; x_wconf 75' lang='lat' dir='ltr'>existentibus,</span> <span class='ocrx_word' id='word_1_41' title='bbox 829 1519 944 1582; x_wconf 84' lang='lat' dir='ltr'>contre</span> <span class='ocrx_word' id='word_1_42' title='bbox 975 1515 1117 1582; x_wconf 83' lang='lat' dir='ltr'>formem</span> <span class='ocrx_word' id='word_1_43' title='bbox 1155 1536 1246 1580; x_wconf 83' lang='lat' dir='ltr'>men-</span> 
     </span>
     <span class='ocr_line' id='line_1_7' title="bbox 197 1616 1247 1709; baseline -0.005 -22"><span class='ocrx_word' id='word_1_44' title='bbox 197 1621 266 1687; x_wconf 80' lang='lat' dir='ltr'>dcti</span> <span class='ocrx_word' id='word_1_45' title='bbox 305 1622 410 1687; x_wconf 78' lang='lat' dir='ltr'>nostri</span> <span class='ocrx_word' id='word_1_46' title='bbox 448 1619 599 1709; x_wconf 85' lang='lat' dir='ltr'>praedicti</span> <span class='ocrx_word' id='word_1_47' title='bbox 636 1619 732 1684; x_wconf 85' lang='lat' dir='ltr'>vobis</span> <span class='ocrx_word' id='word_1_48' title='bbox 766 1618 892 1695; x_wconf 88' lang='lat' dir='ltr'>directi,</span> <span class='ocrx_word' id='word_1_49' title='bbox 916 1618 957 1683; x_wconf 90' lang='lat' dir='ltr'>de</span> <span class='ocrx_word' id='word_1_50' title='bbox 989 1639 1054 1704; x_wconf 92' lang='lat' dir='ltr'>quo</span> <span class='ocrx_word' id='word_1_51' title='bbox 1087 1616 1247 1682; x_wconf 77' lang='lat' dir='ltr'>miramur</span> 
     </span>
     <span class='ocr_line' id='line_1_8' title="bbox 196 1721 1247 1810; baseline -0.003 -22"><span class='ocrx_word' id='word_1_52' title='bbox 196 1724 374 1810; x_wconf 90' lang='lat' dir='ltr'>plurimum</span> <span class='ocrx_word' id='word_1_53' title='bbox 420 1729 455 1790; x_wconf 92' lang='lat' dir='ltr'>et</span> <span class='ocrx_word' id='word_1_54' title='bbox 485 1744 665 1789; x_wconf 88' lang='lat' dir='ltr'>movemur.</span> <span class='ocrx_word' id='word_1_55' title='bbox 725 1721 888 1802; x_wconf 80' lang='lat' dir='ltr'>Quocirca</span> <span class='ocrx_word' id='word_1_56' title='bbox 919 1723 1014 1787; x_wconf 87' lang='lat' dir='ltr'>vobis</span> <span class='ocrx_word' id='word_1_57' title='bbox 1053 1721 1247 1788; x_wconf 80' lang='lat' dir='ltr'>mundemus</span> 
     </span>
     <span class='ocr_line' id='line_1_9' title="bbox 196 1823 1246 1914; baseline -0.002 -22"><span class='ocrx_word' id='word_1_58' title='bbox 196 1829 353 1914; x_wconf 76' lang='lat' dir='ltr'>quatinus</span> <span class='ocrx_word' id='word_1_59' title='bbox 377 1829 420 1893; x_wconf 84' lang='lat' dir='ltr'>ab</span> <span class='ocrx_word' id='word_1_60' title='bbox 441 1827 507 1892; x_wconf 91' lang='lat' dir='ltr'>hiis</span> <span class='ocrx_word' id='word_1_61' title='bbox 529 1825 691 1892; x_wconf 86' lang='lat' dir='ltr'>molestiis</span> <span class='ocrx_word' id='word_1_62' title='bbox 713 1823 862 1913; x_wconf 82' lang='lat' dir='ltr'>praefetis</span> <span class='ocrx_word' id='word_1_63' title='bbox 885 1824 1054 1912; x_wconf 84' lang='lat' dir='ltr'>religiosis,</span> <span class='ocrx_word' id='word_1_64' title='bbox 1079 1825 1246 1891; x_wconf 79' lang='lat' dir='ltr'>occasione</span> 
     </span>
     <span class='ocr_line' id='line_1_10' title="bbox 195 1927 1248 2018; baseline -0.004 -22"><span class='ocrx_word' id='word_1_65' title='bbox 195 1931 354 2018; x_wconf 71' lang='lat' dir='ltr'>praedicte</span> <span class='ocrx_word' id='word_1_66' title='bbox 385 1930 489 1996; x_wconf 79' lang='lat' dir='ltr'>illotis</span> <span class='ocrx_word' id='word_1_67' title='bbox 521 1935 556 1995; x_wconf 92' lang='lat' dir='ltr'>et</span> <span class='ocrx_word' id='word_1_68' title='bbox 588 1928 777 2005; x_wconf 89' lang='lat' dir='ltr'>inferendis,</span> <span class='ocrx_word' id='word_1_69' title='bbox 815 1928 949 2014; x_wconf 90' lang='lat' dir='ltr'>penitus</span> <span class='ocrx_word' id='word_1_70' title='bbox 987 1927 1179 2008; x_wconf 81' lang='lat' dir='ltr'>desistatis3</span> <span class='ocrx_word' id='word_1_71' title='bbox 1213 1933 1248 1992; x_wconf 92' lang='lat' dir='ltr'>et</span> 
     </span>
     <span class='ocr_line' id='line_1_11' title="bbox 197 2029 1246 2119; baseline -0.003 -22"><span class='ocrx_word' id='word_1_72' title='bbox 197 2037 304 2097; x_wconf 81' lang='lat' dir='ltr'>totum</span> <span class='ocrx_word' id='word_1_73' title='bbox 328 2032 478 2119; x_wconf 84' lang='lat' dir='ltr'>pecuniae</span> <span class='ocrx_word' id='word_1_74' title='bbox 512 2051 675 2096; x_wconf 82' lang='lat' dir='ltr'>summam</span> <span class='ocrx_word' id='word_1_75' title='bbox 710 2051 810 2116; x_wconf 82' lang='lat' dir='ltr'>quem</span> <span class='ocrx_word' id='word_1_76' title='bbox 833 2030 876 2094; x_wconf 84' lang='lat' dir='ltr'>eb</span> <span class='ocrx_word' id='word_1_77' title='bbox 899 2029 1030 2108; x_wconf 84' lang='lat' dir='ltr'>eisdem,</span> <span class='ocrx_word' id='word_1_78' title='bbox 1054 2029 1116 2094; x_wconf 91' lang='lat' dir='ltr'>sub</span> <span class='ocrx_word' id='word_1_79' title='bbox 1139 2029 1246 2095; x_wconf 90' lang='lat' dir='ltr'>colore</span> 
     </span>
     <span class='ocr_line' id='line_1_12' title="bbox 218 2133 1245 2223; baseline -0.001 -22"><span class='ocrx_word' id='word_1_80' title='bbox 218 2137 330 2202; x_wconf 81' lang='lat' dir='ltr'>ecimae</span> <span class='ocrx_word' id='word_1_81' title='bbox 364 2135 542 2223; x_wconf 85' lang='lat' dir='ltr'>praedictee‚</span> <span class='ocrx_word' id='word_1_82' title='bbox 565 2133 748 2220; x_wconf 83' lang='lat' dir='ltr'>improvide</span> <span class='ocrx_word' id='word_1_83' title='bbox 779 2133 949 2220; x_wconf 78' lang='lat' dir='ltr'>recepistis</span> <span class='ocrx_word' id='word_1_84' title='bbox 982 2154 1040 2198; x_wconf 89' lang='lat' dir='ltr'>seu</span> <span class='ocrx_word' id='word_1_85' title='bbox 1072 2133 1174 2220; x_wconf 89' lang='lat' dir='ltr'>recipi</span> <span class='ocrx_word' id='word_1_86' title='bbox 1196 2134 1245 2200; x_wconf 89' lang='lat' dir='ltr'>fe·</span> 
     </span>
     <span class='ocr_line' id='line_1_13' title="bbox 195 2235 1246 2323; baseline -0.003 -19"><span class='ocrx_word' id='word_1_87' title='bbox 195 2239 287 2304; x_wconf 81' lang='lat' dir='ltr'>cistis</span> <span class='ocrx_word' id='word_1_88' title='bbox 308 2239 382 2317; x_wconf 87' lang='lat' dir='ltr'>sibi,</span> <span class='ocrx_word' id='word_1_89' title='bbox 397 2239 468 2305; x_wconf 88' lang='lat' dir='ltr'>siue</span> <span class='ocrx_word' id='word_1_90' title='bbox 492 2235 686 2304; x_wconf 76' lang='lat' dir='ltr'>difficultate</span> <span class='ocrx_word' id='word_1_91' title='bbox 708 2237 830 2323; x_wconf 78' lang='lat' dir='ltr'>eliqua,</span> <span class='ocrx_word' id='word_1_92' title='bbox 845 2235 1039 2302; x_wconf 80' lang='lat' dir='ltr'>restituetis.</span> <span class='ocrx_word' id='word_1_93' title='bbox 1086 2235 1246 2322; x_wconf 88' lang='lat' dir='ltr'>Alioquin</span> 
     </span>
     <span class='ocr_line' id='line_1_14' title="bbox 195 2338 1244 2425; baseline -0.002 -19"><span class='ocrx_word' id='word_1_94' title='bbox 195 2341 269 2406; x_wconf 87' lang='lat' dir='ltr'>sitis</span> <span class='ocrx_word' id='word_1_95' title='bbox 314 2362 423 2408; x_wconf 81' lang='lat' dir='ltr'>corum</span> <span class='ocrx_word' id='word_1_96' title='bbox 460 2340 556 2406; x_wconf 90' lang='lat' dir='ltr'>nobis</span> <span class='ocrx_word' id='word_1_97' title='bbox 593 2339 694 2406; x_wconf 89' lang='lat' dir='ltr'>tertio</span> <span class='ocrx_word' id='word_1_98' title='bbox 718 2340 785 2406; x_wconf 89' lang='lat' dir='ltr'>die</span> <span class='ocrx_word' id='word_1_99' title='bbox 826 2339 970 2424; x_wconf 90' lang='lat' dir='ltr'>juridico</span> <span class='ocrx_word' id='word_1_100' title='bbox 1007 2344 1083 2425; x_wconf 90' lang='lat' dir='ltr'>post</span> <span class='ocrx_word' id='word_1_101' title='bbox 1119 2338 1244 2404; x_wconf 88' lang='lat' dir='ltr'>festum</span> 
     </span>
     <span class='ocr_line' id='line_1_15' title="bbox 194 2439 1243 2528; baseline -0.001 -20"><span class='ocrx_word' id='word_1_102' title='bbox 194 2441 433 2508; x_wconf 80' lang='lat' dir='ltr'>l&#39;rsnslstionis</span> <span class='ocrx_word' id='word_1_103' title='bbox 454 2442 552 2508; x_wconf 78' lang='lat' dir='ltr'>Beati</span> <span class='ocrx_word' id='word_1_104' title='bbox 573 2441 708 2507; x_wconf 83' lang='lat' dir='ltr'>Thomre</span> <span class='ocrx_word' id='word_1_105' title='bbox 731 2439 891 2528; x_wconf 76' lang='lat' dir='ltr'>Martyris</span> <span class='ocrx_word' id='word_1_106' title='bbox 926 2440 1075 2527; x_wconf 84' lang='lat' dir='ltr'>proxime</span> <span class='ocrx_word' id='word_1_107' title='bbox 1093 2445 1243 2518; x_wconf 88' lang='lat' dir='ltr'>venturo,</span> 
     </span>
     <span class='ocr_line' id='line_1_16' title="bbox 195 2541 1245 2632; baseline -0.002 -22"><span class='ocrx_word' id='word_1_108' title='bbox 195 2545 383 2632; x_wconf 90' lang='lat' dir='ltr'>ubicunque</span> <span class='ocrx_word' id='word_1_109' title='bbox 406 2551 486 2610; x_wconf 89' lang='lat' dir='ltr'>tunc</span> <span class='ocrx_word' id='word_1_110' title='bbox 515 2543 678 2609; x_wconf 82' lang='lat' dir='ltr'>fuerimus</span> <span class='ocrx_word' id='word_1_111' title='bbox 700 2544 738 2608; x_wconf 90' lang='lat' dir='ltr'>in</span> <span class='ocrx_word' id='word_1_112' title='bbox 760 2543 907 2620; x_wconf 68' lang='lat' dir='ltr'>civitate,</span> <span class='ocrx_word' id='word_1_113' title='bbox 929 2543 1073 2621; x_wconf 87' lang='lat' dir='ltr'>dioecesi,</span> <span class='ocrx_word' id='word_1_114' title='bbox 1094 2541 1150 2608; x_wconf 82' lang='lat' dir='ltr'>vel</span> <span class='ocrx_word' id='word_1_115' title='bbox 1171 2564 1245 2632; x_wconf 87' lang='lat' dir='ltr'>pro·</span> 
     </span>
     <span class='ocr_line' id='line_1_17' title="bbox 195 2646 1242 2724; baseline -0.002 -9"><span class='ocrx_word' id='word_1_116' title='bbox 195 2649 306 2715; x_wconf 83' lang='lat' dir='ltr'>vincis</span> <span class='ocrx_word' id='word_1_117' title='bbox 335 2652 451 2716; x_wconf 81' lang='lat' dir='ltr'>nostre</span> <span class='ocrx_word' id='word_1_118' title='bbox 473 2647 716 2724; x_wconf 77' lang='lat' dir='ltr'>Oeutusriensi</span> <span class='ocrx_word' id='word_1_119' title='bbox 739 2646 905 2714; x_wconf 89' lang='lat' dir='ltr'>ostensuri</span> <span class='ocrx_word' id='word_1_120' title='bbox 935 2668 1066 2713; x_wconf 74' lang='lat' dir='ltr'>coruom</span> <span class='ocrx_word' id='word_1_121' title='bbox 1101 2647 1242 2713; x_wconf 79' lang='lat' dir='ltr'>ratione·</span> 
     </span>
     <span class='ocr_line' id='line_1_18' title="bbox 194 2741 1245 2838; baseline 0 -22"><span class='ocrx_word' id='word_1_122' title='bbox 194 2741 358 2829; x_wconf 80' lang='lat' dir='ltr'>bilem,si</span> <span class='ocrx_word' id='word_1_123' title='bbox 392 2771 491 2838; x_wconf 82' lang='lat' dir='ltr'>quem</span> <span class='ocrx_word' id='word_1_124' title='bbox 523 2748 661 2827; x_wconf 82' lang='lat' dir='ltr'>hebetis,</span> <span class='ocrx_word' id='word_1_125' title='bbox 685 2769 786 2835; x_wconf 80' lang='lat' dir='ltr'>quere</span> <span class='ocrx_word' id='word_1_126' title='bbox 820 2748 978 2815; x_wconf 81' lang='lat' dir='ltr'>mundato</span> <span class='ocrx_word' id='word_1_127' title='bbox 1010 2755 1122 2816; x_wconf 89' lang='lat' dir='ltr'>nostro</span> <span class='ocrx_word' id='word_1_128' title='bbox 1153 2749 1245 2836; x_wconf 88' lang='lat' dir='ltr'>prius</span> 
     </span>
     <span class='ocr_line' id='line_1_19' title="bbox 195 2855 1244 2943; baseline -0.002 -20"><span class='ocrx_word' id='word_1_129' title='bbox 195 2859 292 2924; x_wconf 82' lang='lat' dir='ltr'>vobis</span> <span class='ocrx_word' id='word_1_130' title='bbox 313 2857 390 2923; x_wconf 88' lang='lat' dir='ltr'>inde</span> <span class='ocrx_word' id='word_1_131' title='bbox 424 2857 550 2922; x_wconf 89' lang='lat' dir='ltr'>directo</span> <span class='ocrx_word' id='word_1_132' title='bbox 572 2876 639 2920; x_wconf 91' lang='lat' dir='ltr'>nou</span> <span class='ocrx_word' id='word_1_133' title='bbox 662 2855 827 2942; x_wconf 77' lang='lat' dir='ltr'>paruistis,</span> <span class='ocrx_word' id='word_1_134' title='bbox 851 2877 909 2921; x_wconf 90' lang='lat' dir='ltr'>seu</span> <span class='ocrx_word' id='word_1_135' title='bbox 941 2877 1053 2943; x_wconf 79' lang='lat' dir='ltr'>parere</span> <span class='ocrx_word' id='word_1_136' title='bbox 1077 2861 1244 2943; x_wconf 89' lang='lat' dir='ltr'>contemp·</span> 
     </span>
     <span class='ocr_line' id='line_1_20' title="bbox 195 2957 1245 3045; baseline -0.003 -19"><span class='ocrx_word' id='word_1_137' title='bbox 195 2961 294 3026; x_wconf 86' lang='lat' dir='ltr'>sistis.</span> <span class='ocrx_word' id='word_1_138' title='bbox 339 2960 391 3025; x_wconf 92' lang='lat' dir='ltr'>De</span> <span class='ocrx_word' id='word_1_139' title='bbox 413 2958 467 3025; x_wconf 92' lang='lat' dir='ltr'>die</span> <span class='ocrx_word' id='word_1_140' title='bbox 502 2957 701 3045; x_wconf 84' lang='lat' dir='ltr'>receptionis</span> <span class='ocrx_word' id='word_1_141' title='bbox 734 2959 957 3045; x_wconf 75' lang='lat' dir='ltr'>praesentium,</span> <span class='ocrx_word' id='word_1_142' title='bbox 979 2961 1014 3024; x_wconf 90' lang='lat' dir='ltr'>et</span> <span class='ocrx_word' id='word_1_143' title='bbox 1044 2958 1125 3044; x_wconf 92' lang='lat' dir='ltr'>quid</span> <span class='ocrx_word' id='word_1_144' title='bbox 1147 2979 1245 3045; x_wconf 84' lang='lat' dir='ltr'>super</span> 
     </span>
     <span class='ocr_line' id='line_1_21' title="bbox 181 3058 1244 3150; baseline -0.003 -22"><span class='ocrx_word' id='word_1_145' title='bbox 181 3062 372 3150; x_wconf 70' lang='lat' dir='ltr'>&#39;premissis</span> <span class='ocrx_word' id='word_1_146' title='bbox 394 3060 513 3127; x_wconf 48' lang='lat' dir='ltr'>*fecere</span> <span class='ocrx_word' id='word_1_147' title='bbox 529 3079 531 3083; x_wconf 81' lang='grc'><strong>’</strong></span> <span class='ocrx_word' id='word_1_148' title='bbox 547 3059 769 3138; x_wconf 86' lang='lat' dir='ltr'>decreveritis,</span> <span class='ocrx_word' id='word_1_149' title='bbox 791 3081 852 3126; x_wconf 89' lang='lat' dir='ltr'>nos</span> <span class='ocrx_word' id='word_1_150' title='bbox 887 3060 985 3126; x_wconf 89' lang='lat' dir='ltr'>dictis</span> <span class='ocrx_word' id='word_1_151' title='bbox 1019 3058 1073 3124; x_wconf 89' lang='lat' dir='ltr'>die</span> <span class='ocrx_word' id='word_1_152' title='bbox 1107 3065 1142 3126; x_wconf 93' lang='lat' dir='ltr'>et</span> <span class='ocrx_word' id='word_1_153' title='bbox 1164 3059 1244 3141; x_wconf 90' lang='lat' dir='ltr'>loco,</span> 
     </span>
     <span class='ocr_line' id='line_1_22' title="bbox 196 3161 1243 3252; baseline -0.002 -23"><span class='ocrx_word' id='word_1_154' title='bbox 196 3186 255 3252; x_wconf 88' lang='lat' dir='ltr'>per</span> <span class='ocrx_word' id='word_1_155' title='bbox 277 3169 403 3229; x_wconf 81' lang='lat' dir='ltr'>vestros</span> <span class='ocrx_word' id='word_1_156' title='bbox 424 3163 561 3228; x_wconf 82' lang='lat' dir='ltr'>letteros</span> <span class='ocrx_word' id='word_1_157' title='bbox 581 3167 735 3250; x_wconf 82' lang='lat' dir='ltr'>petentes</span> <span class='ocrx_word' id='word_1_158' title='bbox 757 3163 875 3229; x_wconf 85' lang='lat' dir='ltr'>horum</span> <span class='ocrx_word' id='word_1_159' title='bbox 889 3161 1007 3228; x_wconf 88' lang='lat' dir='ltr'>seriem</span> <span class='ocrx_word' id='word_1_160' title='bbox 1028 3163 1243 3242; x_wconf 83' lang='lat' dir='ltr'>continentes,</span> 
     </span>
    </p>
   </div>
   <div class='ocr_carea' id='block_1_4' title="bbox 196 3264 744 3342">
    <p class='ocr_par' dir='ltr' id='par_1_4' title="bbox 196 3264 744 3342">
     <span class='ocr_line' id='line_1_23' title="bbox 196 3264 744 3342; baseline -0.004 -9"><span class='ocrx_word' id='word_1_161' title='bbox 196 3265 376 3333; x_wconf 79' lang='lat' dir='ltr'>certificare</span> <span class='ocrx_word' id='word_1_162' title='bbox 398 3265 529 3332; x_wconf 88' lang='lat' dir='ltr'>curetis.</span> <span class='ocrx_word' id='word_1_163' title='bbox 574 3264 661 3342; x_wconf 80' lang='lat' dir='ltr'>Dat,</span> <span class='ocrx_word' id='word_1_164' title='bbox 684 3269 744 3331; x_wconf 86' lang='lat' dir='ltr'>etc</span> 
     </span>
    </p>
   </div>
   <div class='ocr_carea' id='block_1_5' title="bbox 669 3617 745 3682">
    <p class='ocr_par' dir='ltr' id='par_1_5' title="bbox 669 3617 745 3682">
     <span class='ocr_line' id='line_1_24' title="bbox 669 3617 745 3682; baseline 0.026 -2"><span class='ocrx_word' id='word_1_165' title='bbox 669 3626 671 3629; x_wconf 82' lang='grc'><strong>’</strong></span> <span class='ocrx_word' id='word_1_166' title='bbox 694 3617 745 3682; x_wconf 73' lang='lat'>54.</span> 
     </span>
    </p>
   </div>
   <div class='ocr_carea' id='block_1_6' title="bbox 202 3844 1367 3974">
    <p class='ocr_par' dir='ltr' id='par_1_6' title="bbox 202 3844 1367 3974">
     <span class='ocr_line' id='line_1_25' title="bbox 202 3844 1367 3974; baseline 0.005 -15.202"><span class='ocrx_word' id='word_1_167' title='bbox 202 3892 360 3959; x_wconf 82' lang='lat' dir='ltr'>Tothe</span> <span class='ocrx_word' id='word_1_168' title='bbox 382 3891 480 3959; x_wconf 91' lang='lat' dir='ltr'>noble</span> <span class='ocrx_word' id='word_1_169' title='bbox 494 3891 562 3958; x_wconf 75' lang='lat' dir='ltr'>ond</span> <span class='ocrx_word' id='word_1_170' title='bbox 576 3891 665 3958; x_wconf 88' lang='lat' dir='ltr'>their</span> <span class='ocrx_word' id='word_1_171' title='bbox 687 3891 916 3960; x_wconf 88' lang='lat' dir='ltr'>well-beloved</span> <span class='ocrx_word' id='word_1_172' title='bbox 931 3892 1243 3974; x_wconf 62' lang='lat' dir='ltr'>sorbonicum</span> <span class='ocrx_word' id='word_1_173' title='bbox 1364 3844 1367 3850; x_wconf 24' lang='grc'>1</span> 
     </span>
    </p>
   </div>
   <div class='ocr_carea' id='block_1_7' title="bbox 195 3977 1247 4190">
    <p class='ocr_par' dir='ltr' id='par_1_7' title="bbox 195 3977 1247 4190">
     <span class='ocr_line' id='line_1_26' title="bbox 195 3977 1247 4091; baseline 0.007 -25"><span class='ocrx_word' id='word_1_174' title='bbox 195 3977 233 4067; x_wconf 83' lang='lat' dir='ltr'>oi</span> <span class='ocrx_word' id='word_1_175' title='bbox 248 4000 424 4066; x_wconf 78' lang='lat' dir='ltr'>Lancester</span> <span class='ocrx_word' id='word_1_176' title='bbox 446 3999 514 4065; x_wconf 80' lang='lat' dir='ltr'>end</span> <span class='ocrx_word' id='word_1_177' title='bbox 528 3999 700 4079; x_wconf 87' lang='lat' dir='ltr'>Leicester,</span> <span class='ocrx_word' id='word_1_178' title='bbox 716 4000 831 4066; x_wconf 82' lang='lat' dir='ltr'>Grsnd</span> <span class='ocrx_word' id='word_1_179' title='bbox 846 4000 999 4068; x_wconf 85' lang='lat' dir='ltr'>Stewcrd</span> <span class='ocrx_word' id='word_1_180' title='bbox 1022 4002 1058 4068; x_wconf 83' lang='lat' dir='ltr'>of</span> <span class='ocrx_word' id='word_1_181' title='bbox 1081 4003 1247 4091; x_wconf 83' lang='lat' dir='ltr'>Englcnd,</span> 
     </span>
     <span class='ocr_line' id='line_1_27' title="bbox 195 4101 1245 4190; baseline 0.005 -23"><span class='ocrx_word' id='word_1_182' title='bbox 195 4103 315 4190; x_wconf 84' lang='lat' dir='ltr'>Henry</span> <span class='ocrx_word' id='word_1_183' title='bbox 339 4101 397 4167; x_wconf 89' lang='lat' dir='ltr'>the</span> <span class='ocrx_word' id='word_1_184' title='bbox 422 4101 516 4167; x_wconf 88' lang='lat' dir='ltr'>Prior</span> <span class='ocrx_word' id='word_1_185' title='bbox 541 4101 607 4168; x_wconf 82' lang='lat' dir='ltr'>sud</span> <span class='ocrx_word' id='word_1_186' title='bbox 637 4102 696 4168; x_wconf 92' lang='lat' dir='ltr'>the</span> <span class='ocrx_word' id='word_1_187' title='bbox 720 4101 874 4168; x_wconf 81' lang='lat' dir='ltr'>Coment</span> <span class='ocrx_word' id='word_1_188' title='bbox 896 4103 934 4170; x_wconf 86' lang='lat' dir='ltr'>of</span> <span class='ocrx_word' id='word_1_189' title='bbox 959 4103 1016 4170; x_wconf 92' lang='lat' dir='ltr'>the</span> <span class='ocrx_word' id='word_1_190' title='bbox 1044 4103 1177 4172; x_wconf 85' lang='lat' dir='ltr'>Ohurch</span> <span class='ocrx_word' id='word_1_191' title='bbox 1208 4106 1245 4172; x_wconf 69' lang='grc' dir='ltr'>οἳ</span> 
     </span>
    </p>
   </div>
   <div class='ocr_carea' id='block_1_8' title="bbox 193 4203 1247 4805">
    <p class='ocr_par' dir='ltr' id='par_1_8' title="bbox 193 4203 1247 4805">
     <span class='ocr_line' id='line_1_28' title="bbox 196 4203 1247 4300; baseline 0.003 -29"><span class='ocrx_word' id='word_1_192' title='bbox 196 4203 408 4300; x_wconf 77' lang='lat' dir='ltr'>Centerbury</span> <span class='ocrx_word' id='word_1_193' title='bbox 421 4204 573 4291; x_wconf 82' lang='lat' dir='ltr'>greetiug</span> <span class='ocrx_word' id='word_1_194' title='bbox 587 4204 655 4269; x_wconf 79' lang='lat' dir='ltr'>ond</span> <span class='ocrx_word' id='word_1_195' title='bbox 669 4203 786 4270; x_wconf 79' lang='lat' dir='ltr'>heulth</span> <span class='ocrx_word' id='word_1_196' title='bbox 800 4205 839 4271; x_wconf 89' lang='lat' dir='ltr'>of</span> <span class='ocrx_word' id='word_1_197' title='bbox 848 4205 939 4292; x_wconf 82' lang='lat' dir='ltr'>body</span> <span class='ocrx_word' id='word_1_198' title='bbox 953 4204 1020 4272; x_wconf 83' lang='lat' dir='ltr'>sud</span> <span class='ocrx_word' id='word_1_199' title='bbox 1034 4207 1115 4276; x_wconf 90' lang='lat' dir='ltr'>soul.</span> <span class='ocrx_word' id='word_1_200' title='bbox 1161 4208 1247 4286; x_wconf 83' lang='lat' dir='ltr'>Sire,</span> 
     </span>
     <span class='ocr_line' id='line_1_29' title="bbox 193 4285 1244 4395; baseline 0.004 -22"><span class='ocrx_word' id='word_1_201' title='bbox 193 4285 355 4394; x_wconf 78' lang='lat' dir='ltr'>toucbing</span> <span class='ocrx_word' id='word_1_202' title='bbox 379 4305 475 4373; x_wconf 91' lang='lat' dir='ltr'>those</span> <span class='ocrx_word' id='word_1_203' title='bbox 499 4306 615 4394; x_wconf 83' lang='lat' dir='ltr'>things</span> <span class='ocrx_word' id='word_1_204' title='bbox 641 4306 751 4373; x_wconf 89' lang='lat' dir='ltr'>which</span> <span class='ocrx_word' id='word_1_205' title='bbox 775 4329 843 4393; x_wconf 86' lang='lat' dir='ltr'>you</span> <span class='ocrx_word' id='word_1_206' title='bbox 866 4308 970 4395; x_wconf 82' lang='lat' dir='ltr'>lctely</span> <span class='ocrx_word' id='word_1_207' title='bbox 985 4313 1059 4374; x_wconf 88' lang='lat' dir='ltr'>sent</span> <span class='ocrx_word' id='word_1_208' title='bbox 1083 4314 1119 4375; x_wconf 89' lang='lat' dir='ltr'>to</span> <span class='ocrx_word' id='word_1_209' title='bbox 1144 4313 1244 4378; x_wconf 88' lang='lat' dir='ltr'>usin</span> 
     </span>
     <span class='ocr_line' id='line_1_30' title="bbox 193 4409 1243 4498; baseline 0.003 -21"><span class='ocrx_word' id='word_1_210' title='bbox 193 4433 279 4498; x_wconf 83' lang='lat' dir='ltr'>your</span> <span class='ocrx_word' id='word_1_211' title='bbox 300 4410 415 4476; x_wconf 87' lang='lat' dir='ltr'>letters</span> <span class='ocrx_word' id='word_1_212' title='bbox 438 4409 549 4476; x_wconf 83' lang='lat' dir='ltr'>which</span> <span class='ocrx_word' id='word_1_213' title='bbox 575 4431 627 4476; x_wconf 84' lang='lat' dir='ltr'>wc</span> <span class='ocrx_word' id='word_1_214' title='bbox 652 4410 802 4476; x_wconf 87' lang='lat' dir='ltr'>received</span> <span class='ocrx_word' id='word_1_215' title='bbox 826 4432 870 4476; x_wconf 92' lang='lat' dir='ltr'>on</span> <span class='ocrx_word' id='word_1_216' title='bbox 894 4410 952 4477; x_wconf 89' lang='lat' dir='ltr'>the</span> <span class='ocrx_word' id='word_1_217' title='bbox 979 4410 1061 4480; x_wconf 82' lang='lat' dir='ltr'>17th</span> <span class='ocrx_word' id='word_1_218' title='bbox 1091 4413 1130 4478; x_wconf 88' lang='lat' dir='ltr'>of</span> <span class='ocrx_word' id='word_1_219' title='bbox 1154 4412 1243 4480; x_wconf 83' lang='lat' dir='ltr'>June</span> 
     </span>
     <span class='ocr_line' id='line_1_31' title="bbox 194 4511 1244 4603; baseline 0.001 -24"><span class='ocrx_word' id='word_1_220' title='bbox 194 4515 261 4581; x_wconf 81' lang='lat' dir='ltr'>lest</span> <span class='ocrx_word' id='word_1_221' title='bbox 274 4519 357 4600; x_wconf 84' lang='lat' dir='ltr'>post,</span> <span class='ocrx_word' id='word_1_222' title='bbox 372 4513 505 4598; x_wconf 77' lang='lat' dir='ltr'>nemely</span> <span class='ocrx_word' id='word_1_223' title='bbox 519 4511 595 4579; x_wconf 85' lang='lat' dir='ltr'>thot</span> <span class='ocrx_word' id='word_1_224' title='bbox 609 4534 677 4599; x_wconf 92' lang='lat' dir='ltr'>you</span> <span class='ocrx_word' id='word_1_225' title='bbox 697 4511 786 4578; x_wconf 79' lang='lat' dir='ltr'>heve</span> <span class='ocrx_word' id='word_1_226' title='bbox 799 4513 935 4580; x_wconf 89' lang='lat' dir='ltr'>decided</span> <span class='ocrx_word' id='word_1_227' title='bbox 949 4518 985 4579; x_wconf 92' lang='grc' dir='ltr'>ιο</span> <span class='ocrx_word' id='word_1_228' title='bbox 1000 4513 1081 4579; x_wconf 88' lang='lat' dir='ltr'>send</span> <span class='ocrx_word' id='word_1_229' title='bbox 1096 4517 1244 4603; x_wconf 89' lang='lat' dir='ltr'>speedily</span> 
     </span>
     <span class='ocr_line' id='line_1_32' title="bbox 194 4614 1244 4702; baseline 0.003 -20"><span class='ocrx_word' id='word_1_230' title='bbox 194 4623 232 4682; x_wconf 91' lang='lat' dir='ltr'>to</span> <span class='ocrx_word' id='word_1_231' title='bbox 257 4616 316 4682; x_wconf 83' lang='lat' dir='ltr'>the</span> <span class='ocrx_word' id='word_1_232' title='bbox 332 4614 438 4682; x_wconf 82' lang='lat' dir='ltr'>Court</span> <span class='ocrx_word' id='word_1_233' title='bbox 461 4615 498 4680; x_wconf 86' lang='lat' dir='ltr'>of</span> <span class='ocrx_word' id='word_1_234' title='bbox 520 4615 630 4694; x_wconf 84' lang='lat' dir='ltr'>Rome,</span> <span class='ocrx_word' id='word_1_235' title='bbox 652 4616 699 4701; x_wconf 91' lang='lat' dir='ltr'>by</span> <span class='ocrx_word' id='word_1_236' title='bbox 714 4637 776 4681; x_wconf 90' lang='lat' dir='ltr'>one</span> <span class='ocrx_word' id='word_1_237' title='bbox 800 4615 839 4680; x_wconf 81' lang='lat' dir='ltr'>ol</span> <span class='ocrx_word' id='word_1_238' title='bbox 858 4637 944 4702; x_wconf 91' lang='lat' dir='ltr'>your</span> <span class='ocrx_word' id='word_1_239' title='bbox 969 4615 1158 4696; x_wconf 88' lang='lat' dir='ltr'>houschold,</span> <span class='ocrx_word' id='word_1_240' title='bbox 1185 4619 1244 4685; x_wconf 90' lang='lat' dir='ltr'>the</span> 
     </span>
     <span class='ocr_line' id='line_1_33' title="bbox 193 4715 1242 4805; baseline 0.002 -23"><span class='ocrx_word' id='word_1_241' title='bbox 193 4739 324 4805; x_wconf 88' lang='lat' dir='ltr'>process</span> <span class='ocrx_word' id='word_1_242' title='bbox 337 4715 482 4803; x_wconf 77' lang='lat' dir='ltr'>relatiug</span> <span class='ocrx_word' id='word_1_243' title='bbox 495 4721 533 4782; x_wconf 95' lang='lat' dir='ltr'>to</span> <span class='ocrx_word' id='word_1_244' title='bbox 555 4716 613 4780; x_wconf 92' lang='lat' dir='ltr'>the</span> <span class='ocrx_word' id='word_1_245' title='bbox 628 4716 709 4801; x_wconf 90' lang='lat' dir='ltr'>holy</span> <span class='ocrx_word' id='word_1_246' title='bbox 724 4715 781 4781; x_wconf 83' lang='lat' dir='ltr'>life</span> <span class='ocrx_word' id='word_1_247' title='bbox 796 4716 865 4781; x_wconf 82' lang='lat' dir='ltr'>end</span> <span class='ocrx_word' id='word_1_248' title='bbox 880 4717 938 4782; x_wconf 90' lang='lat' dir='ltr'>the</span> <span class='ocrx_word' id='word_1_249' title='bbox 967 4717 1120 4785; x_wconf 82' lang='lat' dir='ltr'>miracles</span> <span class='ocrx_word' id='word_1_250' title='bbox 1132 4719 1242 4786; x_wconf 86' lang='lat' dir='ltr'>which</span> 
     </span>
    </p>
   </div>
   <div class='ocr_carea' id='block_1_9' title="bbox 194 4818 1244 5002">
    <p class='ocr_par' dir='ltr' id='par_1_9' title="bbox 194 4818 1244 5002">
     <span class='ocr_line' id='line_1_34' title="bbox 194 4818 1244 4905; baseline 0.002 -19"><span class='ocrx_word' id='word_1_251' title='bbox 194 4820 269 4886; x_wconf 84' lang='lat' dir='ltr'>God</span> <span class='ocrx_word' id='word_1_252' title='bbox 293 4819 355 4887; x_wconf 81' lang='lat' dir='ltr'>hes</span> <span class='ocrx_word' id='word_1_253' title='bbox 381 4819 498 4886; x_wconf 85' lang='lat' dir='ltr'>shown</span> <span class='ocrx_word' id='word_1_254' title='bbox 520 4839 611 4905; x_wconf 89' lang='lat' dir='ltr'>upon</span> <span class='ocrx_word' id='word_1_255' title='bbox 636 4818 731 4885; x_wconf 82' lang='lat' dir='ltr'>eurth</span> <span class='ocrx_word' id='word_1_256' title='bbox 756 4818 809 4886; x_wconf 85' lang='lat' dir='ltr'>for</span> <span class='ocrx_word' id='word_1_257' title='bbox 831 4819 889 4884; x_wconf 91' lang='lat' dir='ltr'>the</span> <span class='ocrx_word' id='word_1_258' title='bbox 904 4821 985 4887; x_wconf 81' lang='lat' dir='ltr'>scke</span> <span class='ocrx_word' id='word_1_259' title='bbox 1006 4822 1045 4886; x_wconf 88' lang='lat' dir='ltr'>of</span> <span class='ocrx_word' id='word_1_260' title='bbox 1055 4821 1179 4888; x_wconf 87' lang='lat' dir='ltr'>Robert</span> <span class='ocrx_word' id='word_1_261' title='bbox 1202 4822 1244 4888; x_wconf 91' lang='lat' dir='ltr'>de</span> 
     </span>
     <span class='ocr_line' id='line_1_35' title="bbox 1040 4941 1108 5002; baseline -0.029 0"><span class='ocrx_word' id='word_1_262' title='bbox 1040 4953 1065 5002; x_wconf 88' lang='lat' dir='ltr'><strong>D</strong></span> <span class='ocrx_word' id='word_1_263' title='bbox 1089 4941 1108 5000; x_wconf 88' lang='grc'>2</span> 
     </span>
    </p>
   </div>
   <div class='ocr_carea' id='block_1_10' title="bbox 0 0 1660 5859">
    <p class='ocr_par' dir='ltr' id='par_1_10' title="bbox 0 0 1660 5859">
     <span class='ocr_line' id='line_1_36' title="bbox 0 0 1660 5859; baseline 0 1"><span class='ocrx_word' id='word_1_264' title='bbox 0 0 1660 5859; x_wconf 95' lang='lat' dir='ltr'> </span> 
     </span>
    </p>
   </div>
  </div>
 </body>
</html>
