<?xml version="1.0" encoding="UTF-8"?>
<!DOCTYPE html PUBLIC "-//W3C//DTD XHTML 1.0 Transitional//EN"
    "http://www.w3.org/TR/xhtml1/DTD/xhtml1-transitional.dtd">
<html xmlns="http://www.w3.org/1999/xhtml" xml:lang="en" lang="en">
 <head>
  <title>
</title>
<meta http-equiv="Content-Type" content="text/html;charset=utf-8" />
  <meta name='ocr-system' content='tesseract 3.04.00' />
  <meta name='ocr-capabilities' content='ocr_page ocr_carea ocr_par ocr_line ocrx_word'/>
</head>
<body>
  <div class='ocr_page' id='page_1' title='image "./literaecantuari01shepgoog_0246.png"; bbox 0 0 3309 5859; ppageno 0'>
   <div class='ocr_carea' id='block_1_1' title="bbox 570 844 1246 911">
    <p class='ocr_par' dir='ltr' id='par_1_1' title="bbox 570 844 1246 911">
     <span class='ocr_line' id='line_1_1' title="bbox 570 844 1246 911; baseline -0.007 -1"><span class='ocrx_word' id='word_1_1' title='bbox 570 860 866 911; x_wconf 72' lang='lat' dir='ltr'>crurummssns.</span> <span class='ocrx_word' id='word_1_2' title='bbox 1182 844 1246 906; x_wconf 75' lang='lat'>143</span> 
     </span>
    </p>
   </div>
   <div class='ocr_carea' id='block_1_2' title="bbox 145 1044 1409 2468">
    <p class='ocr_par' dir='ltr' id='par_1_2' title="bbox 145 1044 1409 2468">
     <span class='ocr_line' id='line_1_2' title="bbox 192 1044 1397 1137; baseline -0.007 -23"><span class='ocrx_word' id='word_1_3' title='bbox 192 1053 337 1135; x_wconf 88' lang='lat' dir='ltr'>pactum,</span> <span class='ocrx_word' id='word_1_4' title='bbox 361 1054 395 1112; x_wconf 83' lang='lat' dir='ltr'>et</span> <span class='ocrx_word' id='word_1_5' title='bbox 429 1052 643 1113; x_wconf 88' lang='lat' dir='ltr'>contractum.</span> <span class='ocrx_word' id='word_1_6' title='bbox 699 1047 889 1113; x_wconf 86' lang='lat' dir='ltr'>Secundum</span> <span class='ocrx_word' id='word_1_7' title='bbox 913 1046 1002 1132; x_wconf 90' lang='lat' dir='ltr'>quod</span> <span class='ocrx_word' id='word_1_8' title='bbox 1025 1047 1108 1111; x_wconf 89' lang='lat' dir='ltr'>dicit</span> <span class='ocrx_word' id='word_1_9' title='bbox 1130 1044 1397 1137; x_wconf 65' lang='lat' dir='ltr'>Guydoabanafice</span> 
     </span>
     <span class='ocr_line' id='line_1_3' title="bbox 192 1125 1409 1257; baseline -0.006 -41"><span class='ocrx_word' id='word_1_10' title='bbox 192 1173 292 1237; x_wconf 90' lang='lat' dir='ltr'>super</span> <span class='ocrx_word' id='word_1_11' title='bbox 313 1150 510 1238; x_wconf 86' lang='lat' dir='ltr'>praedictum</span> <span class='ocrx_word' id='word_1_12' title='bbox 534 1148 751 1215; x_wconf 70' lang='lat' dir='ltr'>decretalem:</span> <span class='ocrx_word' id='word_1_13' title='bbox 787 1157 804 1185; x_wconf 92' lang='lat'><strong>“</strong></span> <span class='ocrx_word' id='word_1_14' title='bbox 816 1150 910 1214; x_wconf 88' lang='lat' dir='ltr'>Licet</span> <span class='ocrx_word' id='word_1_15' title='bbox 932 1148 969 1213; x_wconf 91' lang='lat' dir='ltr'>in</span> <span class='ocrx_word' id='word_1_16' title='bbox 992 1147 1114 1214; x_wconf 82' lang='lat' dir='ltr'>tua—&#39;²</span> <span class='ocrx_word' id='word_1_17' title='bbox 1137 1152 1172 1211; x_wconf 91' lang='lat' dir='ltr'>et</span> <span class='ocrx_word' id='word_1_18' title='bbox 1194 1125 1409 1257; x_wconf 47' lang='lat' dir='ltr'>ex-ssffige</span> 
     </span>
     <span class='ocr_line' id='line_1_4' title="bbox 197 1249 1252 1333; baseline -0.006 -13"><span class='ocrx_word' id='word_1_19' title='bbox 197 1260 281 1320; x_wconf 91' lang='lat' dir='ltr'>tunc</span> <span class='ocrx_word' id='word_1_20' title='bbox 325 1253 367 1319; x_wconf 90' lang='lat' dir='ltr'>de</span> <span class='ocrx_word' id='word_1_21' title='bbox 412 1252 545 1319; x_wconf 90' lang='lat' dir='ltr'>eodem:</span> <span class='ocrx_word' id='word_1_22' title='bbox 593 1253 810 1333; x_wconf 78' lang='lat' dir='ltr'>“Quaesitum</span> <span class='ocrx_word' id='word_1_23' title='bbox 849 1255 949 1318; x_wconf 84' lang='lat' dir='ltr'>fraus.</span> <span class='ocrx_word' id='word_1_24' title='bbox 976 1274 1056 1317; x_wconf 91' lang='lat' dir='ltr'>vero</span> <span class='ocrx_word' id='word_1_25' title='bbox 1089 1256 1125 1316; x_wconf 87' lang='lat' dir='ltr'>at</span> <span class='ocrx_word' id='word_1_26' title='bbox 1157 1249 1252 1315; x_wconf 90' lang='lat' dir='ltr'>dolus</span> 
     </span>
     <span class='ocr_line' id='line_1_5' title="bbox 194 1351 1254 1443; baseline -0.003 -24"><span class='ocrx_word' id='word_1_27' title='bbox 194 1356 290 1421; x_wconf 92' lang='lat' dir='ltr'>bonae</span> <span class='ocrx_word' id='word_1_28' title='bbox 323 1354 402 1420; x_wconf 92' lang='lat' dir='ltr'>fidei</span> <span class='ocrx_word' id='word_1_29' title='bbox 440 1376 568 1443; x_wconf 78' lang='lat' dir='ltr'>semper</span> <span class='ocrx_word' id='word_1_30' title='bbox 597 1354 976 1442; x_wconf 81' lang='lat' dir='ltr'>repugnat.&#39;&#39;-Videtur</span> <span class='ocrx_word' id='word_1_31' title='bbox 1012 1354 1117 1440; x_wconf 85' lang='lat' dir='ltr'>igitur</span> <span class='ocrx_word' id='word_1_32' title='bbox 1147 1351 1254 1427; x_wconf 91' lang='lat' dir='ltr'>nobis,</span> 
     </span>
     <span class='ocr_line' id='line_1_6' title="bbox 195 1455 1251 1544; baseline -0.006 -20"><span class='ocrx_word' id='word_1_33' title='bbox 195 1460 282 1525; x_wconf 89' lang='lat' dir='ltr'>sicut</span> <span class='ocrx_word' id='word_1_34' title='bbox 314 1464 349 1524; x_wconf 91' lang='lat' dir='ltr'>et</span> <span class='ocrx_word' id='word_1_35' title='bbox 386 1458 491 1535; x_wconf 87' lang='lat' dir='ltr'>vobis,</span> <span class='ocrx_word' id='word_1_36' title='bbox 514 1459 604 1544; x_wconf 89' lang='lat' dir='ltr'>quod</span> <span class='ocrx_word' id='word_1_37' title='bbox 637 1480 705 1523; x_wconf 90' lang='lat' dir='ltr'>non</span> <span class='ocrx_word' id='word_1_38' title='bbox 738 1458 833 1525; x_wconf 89' lang='lat' dir='ltr'>decet</span> <span class='ocrx_word' id='word_1_39' title='bbox 863 1479 923 1524; x_wconf 91' lang='lat' dir='ltr'>nec</span> <span class='ocrx_word' id='word_1_40' title='bbox 961 1456 1098 1544; x_wconf 87' lang='lat' dir='ltr'>expedit</span> <span class='ocrx_word' id='word_1_41' title='bbox 1135 1455 1251 1541; x_wconf 90' lang='lat' dir='ltr'>hujus·</span> 
     </span>
     <span class='ocr_line' id='line_1_7' title="bbox 198 1558 1254 1648; baseline -0.005 -22"><span class='ocrx_word' id='word_1_42' title='bbox 198 1562 288 1627; x_wconf 92' lang='lat' dir='ltr'>modi</span> <span class='ocrx_word' id='word_1_43' title='bbox 327 1562 628 1648; x_wconf 78' lang='lat' dir='ltr'>permutationibus</span> <span class='ocrx_word' id='word_1_44' title='bbox 667 1562 780 1626; x_wconf 90' lang='lat' dir='ltr'>statim</span> <span class='ocrx_word' id='word_1_45' title='bbox 827 1567 861 1626; x_wconf 91' lang='lat' dir='ltr'>et</span> <span class='ocrx_word' id='word_1_46' title='bbox 906 1561 1026 1625; x_wconf 84' lang='lat' dir='ltr'>leviter</span> <span class='ocrx_word' id='word_1_47' title='bbox 1060 1558 1254 1635; x_wconf 89' lang='lat' dir='ltr'>consentire,</span> 
     </span>
     <span class='ocr_line' id='line_1_8' title="bbox 196 1662 1256 1751; baseline -0.006 -21"><span class='ocrx_word' id='word_1_48' title='bbox 196 1686 366 1751; x_wconf 84' lang='lat' dir='ltr'>quousque</span> <span class='ocrx_word' id='word_1_49' title='bbox 416 1663 687 1729; x_wconf 75' lang='lat' dir='ltr'>informationem</span> <span class='ocrx_word' id='word_1_50' title='bbox 735 1664 916 1750; x_wconf 87' lang='lat' dir='ltr'>pleniorem</span> <span class='ocrx_word' id='word_1_51' title='bbox 969 1662 1182 1728; x_wconf 81' lang='lat' dir='ltr'>habuerimus</span> <span class='ocrx_word' id='word_1_52' title='bbox 1234 1683 1256 1725; x_wconf 89' lang='lat' dir='ltr'>a</span> 
     </span>
     <span class='ocr_line' id='line_1_9' title="bbox 196 1766 1254 1855; baseline -0.003 -22"><span class='ocrx_word' id='word_1_53' title='bbox 196 1768 382 1855; x_wconf 84' lang='lat' dir='ltr'>fidedignis,</span> <span class='ocrx_word' id='word_1_54' title='bbox 422 1768 510 1853; x_wconf 90' lang='lat' dir='ltr'>quod</span> <span class='ocrx_word' id='word_1_55' title='bbox 548 1789 646 1833; x_wconf 87' lang='lat' dir='ltr'>eausa</span> <span class='ocrx_word' id='word_1_56' title='bbox 685 1767 879 1853; x_wconf 89' lang='lat' dir='ltr'>hujusmodi</span> <span class='ocrx_word' id='word_1_57' title='bbox 915 1766 1170 1853; x_wconf 78' lang='lat' dir='ltr'>permutationis</span> <span class='ocrx_word' id='word_1_58' title='bbox 1209 1766 1254 1830; x_wconf 91' lang='lat' dir='ltr'>sit</span> 
     </span>
     <span class='ocr_line' id='line_1_10' title="bbox 145 1867 1255 1948; baseline -0.004 -12"><span class='ocrx_word' id='word_1_59' title='bbox 145 1867 151 1877; x_wconf 82' lang='lat'>&#39;</span> <span class='ocrx_word' id='word_1_60' title='bbox 196 1872 298 1948; x_wconf 86' lang='lat' dir='ltr'>licita,</span> <span class='ocrx_word' id='word_1_61' title='bbox 329 1872 519 1947; x_wconf 89' lang='lat' dir='ltr'>necessaria,</span> <span class='ocrx_word' id='word_1_62' title='bbox 558 1876 592 1935; x_wconf 91' lang='lat' dir='ltr'>et</span> <span class='ocrx_word' id='word_1_63' title='bbox 622 1870 770 1948; x_wconf 91' lang='lat' dir='ltr'>honesta,</span> <span class='ocrx_word' id='word_1_64' title='bbox 794 1876 828 1935; x_wconf 90' lang='lat' dir='ltr'>et</span> <span class='ocrx_word' id='word_1_65' title='bbox 851 1871 892 1937; x_wconf 95' lang='lat' dir='ltr'>de</span> <span class='ocrx_word' id='word_1_66' title='bbox 923 1870 994 1935; x_wconf 88' lang='lat' dir='ltr'>vita</span> <span class='ocrx_word' id='word_1_67' title='bbox 1024 1875 1058 1933; x_wconf 92' lang='lat' dir='ltr'>et</span> <span class='ocrx_word' id='word_1_68' title='bbox 1081 1888 1255 1934; x_wconf 87' lang='lat' dir='ltr'>conversa-</span> 
     </span>
     <span class='ocr_line' id='line_1_11' title="bbox 199 1971 1257 2040; baseline -0.005 -1"><span class='ocrx_word' id='word_1_69' title='bbox 199 1974 290 2040; x_wconf 88' lang='lat' dir='ltr'>tione</span> <span class='ocrx_word' id='word_1_70' title='bbox 312 1973 475 2037; x_wconf 79' lang='lat' dir='ltr'>laudabili</span> <span class='ocrx_word' id='word_1_71' title='bbox 506 1974 642 2039; x_wconf 90' lang='lat' dir='ltr'>rectoris</span> <span class='ocrx_word' id='word_1_72' title='bbox 675 1974 818 2039; x_wconf 80' lang='lat' dir='ltr'>ecelesiae</span> <span class='ocrx_word' id='word_1_73' title='bbox 842 1972 1084 2038; x_wconf 87' lang='lat' dir='ltr'>Wintoniensis</span> <span class='ocrx_word' id='word_1_74' title='bbox 1106 1971 1257 2035; x_wconf 85' lang='lat' dir='ltr'>diaecesis</span> 
     </span>
     <span class='ocr_line' id='line_1_12' title="bbox 198 2073 1258 2163; baseline -0.003 -23"><span class='ocrx_word' id='word_1_75' title='bbox 198 2076 331 2163; x_wconf 87' lang='lat' dir='ltr'>penitus</span> <span class='ocrx_word' id='word_1_76' title='bbox 352 2075 449 2141; x_wconf 91' lang='lat' dir='ltr'>nobis</span> <span class='ocrx_word' id='word_1_77' title='bbox 471 2076 598 2161; x_wconf 85' lang='lat' dir='ltr'>ignoti;</span> <span class='ocrx_word' id='word_1_78' title='bbox 630 2081 665 2140; x_wconf 90' lang='lat' dir='ltr'>et</span> <span class='ocrx_word' id='word_1_79' title='bbox 688 2076 776 2161; x_wconf 92' lang='lat' dir='ltr'>quod</span> <span class='ocrx_word' id='word_1_80' title='bbox 799 2076 887 2141; x_wconf 88' lang='lat' dir='ltr'>inter</span> <span class='ocrx_word' id='word_1_81' title='bbox 922 2096 1076 2161; x_wconf 87' lang='lat' dir='ltr'>personas</span> <span class='ocrx_word' id='word_1_82' title='bbox 1098 2073 1258 2139; x_wconf 89' lang='lat' dir='ltr'>beneficia</span> 
     </span>
     <span class='ocr_line' id='line_1_13' title="bbox 200 2175 1259 2263; baseline -0.005 -20"><span class='ocrx_word' id='word_1_83' title='bbox 200 2200 261 2243; x_wconf 88' lang='lat' dir='ltr'>sua</span> <span class='ocrx_word' id='word_1_84' title='bbox 282 2182 472 2263; x_wconf 83' lang='lat' dir='ltr'>permutare</span> <span class='ocrx_word' id='word_1_85' title='bbox 497 2177 643 2242; x_wconf 89' lang='lat' dir='ltr'>volentes</span> <span class='ocrx_word' id='word_1_86' title='bbox 677 2177 770 2242; x_wconf 85' lang='lat' dir='ltr'>fraus</span> <span class='ocrx_word' id='word_1_87' title='bbox 800 2199 867 2242; x_wconf 90' lang='lat' dir='ltr'>non</span> <span class='ocrx_word' id='word_1_88' title='bbox 889 2177 993 2241; x_wconf 87' lang='lat' dir='ltr'>lateat</span> <span class='ocrx_word' id='word_1_89' title='bbox 1016 2197 1122 2261; x_wconf 90' lang='lat' dir='ltr'>neque</span> <span class='ocrx_word' id='word_1_90' title='bbox 1146 2175 1259 2254; x_wconf 80' lang='lat' dir='ltr'>dolus3</span> 
     </span>
     <span class='ocr_line' id='line_1_14' title="bbox 199 2277 1259 2364; baseline -0.005 -19"><span class='ocrx_word' id='word_1_91' title='bbox 199 2302 261 2345; x_wconf 91' lang='lat' dir='ltr'>nec</span> <span class='ocrx_word' id='word_1_92' title='bbox 284 2279 325 2343; x_wconf 92' lang='lat' dir='ltr'>de</span> <span class='ocrx_word' id='word_1_93' title='bbox 348 2279 453 2343; x_wconf 90' lang='lat' dir='ltr'>libera</span> <span class='ocrx_word' id='word_1_94' title='bbox 490 2279 711 2364; x_wconf 81' lang='lat' dir='ltr'>resignatione</span> <span class='ocrx_word' id='word_1_95' title='bbox 750 2279 897 2364; x_wconf 89' lang='lat' dir='ltr'>ipsorum</span> <span class='ocrx_word' id='word_1_96' title='bbox 930 2277 1040 2343; x_wconf 89' lang='lat' dir='ltr'>adhuc</span> <span class='ocrx_word' id='word_1_97' title='bbox 1071 2277 1168 2342; x_wconf 89' lang='lat' dir='ltr'>nobis</span> <span class='ocrx_word' id='word_1_98' title='bbox 1189 2299 1259 2341; x_wconf 91' lang='lat' dir='ltr'>non</span> 
     </span>
     <span class='ocr_line' id='line_1_15' title="bbox 200 2379 1259 2468; baseline -0.005 -22"><span class='ocrx_word' id='word_1_99' title='bbox 200 2385 341 2459; x_wconf 87' lang='lat' dir='ltr'>constat,</span> <span class='ocrx_word' id='word_1_100' title='bbox 364 2402 437 2465; x_wconf 86' lang='lat' dir='ltr'>quae</span> <span class='ocrx_word' id='word_1_101' title='bbox 462 2380 642 2465; x_wconf 86' lang='lat' dir='ltr'>requiritur</span> <span class='ocrx_word' id='word_1_102' title='bbox 665 2382 701 2445; x_wconf 91' lang='lat' dir='ltr'>in</span> <span class='ocrx_word' id='word_1_103' title='bbox 724 2402 799 2445; x_wconf 87' lang='lat' dir='ltr'>casu</span> <span class='ocrx_word' id='word_1_104' title='bbox 830 2379 1095 2468; x_wconf 87' lang='lat' dir='ltr'>permutationis.</span> <span class='ocrx_word' id='word_1_105' title='bbox 1140 2379 1259 2443; x_wconf 88' lang='lat' dir='ltr'>Valeat</span> 
     </span>
    </p>
   </div>
   <div class='ocr_carea' id='block_1_3' title="bbox 202 2588 311 2654">
    <p class='ocr_par' dir='ltr' id='par_1_3' title="bbox 202 2588 311 2654">
     <span class='ocr_line' id='line_1_16' title="bbox 202 2588 311 2654; baseline -0.009 0"><span class='ocrx_word' id='word_1_106' title='bbox 202 2590 226 2654; x_wconf 86' lang='lat' dir='ltr'><strong>J</strong></span> <span class='ocrx_word' id='word_1_107' title='bbox 229 2588 311 2653; x_wconf 92' lang='lat' dir='ltr'>unii.</span> 
     </span>
    </p>
   </div>
   <div class='ocr_carea' id='block_1_4' title="bbox 303 2869 1411 2993">
    <p class='ocr_par' dir='ltr' id='par_1_4' title="bbox 303 2869 1411 2993">
     <span class='ocr_line' id='line_1_17' title="bbox 303 2869 1411 2993; baseline 0.011 -18"><span class='ocrx_word' id='word_1_108' title='bbox 303 2910 635 2993; x_wconf 42' lang='lat' dir='ltr'>fras-Excessus</span> <span class='ocrx_word' id='word_1_109' title='bbox 658 2927 705 2975; x_wconf 83' lang='lat' dir='ltr'>nn</span> <span class='ocrx_word' id='word_1_110' title='bbox 728 2927 905 2977; x_wconf 76' lang='lat' dir='ltr'>rrcmnna</span> <span class='ocrx_word' id='word_1_111' title='bbox 927 2929 1152 2978; x_wconf 83' lang='lat' dir='ltr'>rxaourmnn</span> <span class='ocrx_word' id='word_1_112' title='bbox 1304 2869 1411 2987; x_wconf 52' lang='lat' dir='ltr'>iiiii</span> 
     </span>
    </p>
   </div>
   <div class='ocr_carea' id='block_1_5' title="bbox 350 3014 1398 3081">
    <p class='ocr_par' dir='ltr' id='par_1_5' title="bbox 350 3014 1398 3081">
     <span class='ocr_line' id='line_1_18' title="bbox 350 3014 1398 3081; baseline -0.001 -3"><span class='ocrx_word' id='word_1_113' title='bbox 350 3028 487 3078; x_wconf 71' lang='lat' dir='ltr'>conani</span> <span class='ocrx_word' id='word_1_114' title='bbox 511 3014 822 3079; x_wconf 81' lang='lat' dir='ltr'>Ascnrnrrscoruu</span> <span class='ocrx_word' id='word_1_115' title='bbox 845 3014 1110 3081; x_wconf 77' lang='lat' dir='ltr'>annacnnsnn.</span> <span class='ocrx_word' id='word_1_116' title='bbox 1271 3027 1302 3079; x_wconf 86' lang='lat' dir='ltr'>n.</span> <span class='ocrx_word' id='word_1_117' title='bbox 1316 3033 1361 3078; x_wconf 80' lang='lat'>141</span> <span class='ocrx_word' id='word_1_118' title='bbox 1372 3044 1398 3078; x_wconf 82' lang='lat' dir='ltr'>a.</span> 
     </span>
    </p>
   </div>
   <div class='ocr_carea' id='block_1_6' title="bbox 251 3123 1420 3264">
    <p class='ocr_par' dir='ltr' id='par_1_6' title="bbox 251 3123 1420 3264">
     <span class='ocr_line' id='line_1_19' title="bbox 251 3123 1420 3264; baseline -0.01 -18"><span class='ocrx_word' id='word_1_119' title='bbox 251 3178 408 3247; x_wconf 81' lang='lat' dir='ltr'>Salutem¹</span> <span class='ocrx_word' id='word_1_120' title='bbox 431 3198 530 3262; x_wconf 91' lang='lat' dir='ltr'>quam</span> <span class='ocrx_word' id='word_1_121' title='bbox 553 3178 625 3243; x_wconf 90' lang='lat' dir='ltr'>sibi.</span> <span class='ocrx_word' id='word_1_122' title='bbox 671 3178 824 3264; x_wconf 88' lang='lat' dir='ltr'>Receptis</span> <span class='ocrx_word' id='word_1_123' title='bbox 847 3199 954 3264; x_wconf 91' lang='lat' dir='ltr'>nuper</span> <span class='ocrx_word' id='word_1_124' title='bbox 976 3177 1098 3243; x_wconf 86' lang='lat' dir='ltr'>litteris</span> <span class='ocrx_word' id='word_1_125' title='bbox 1121 3178 1261 3244; x_wconf 91' lang='lat' dir='ltr'>Domini</span> <span class='ocrx_word' id='word_1_126' title='bbox 1272 3123 1420 3239; x_wconf 55' lang='lat' dir='ltr'>ivilinam’</span> 
     </span>
    </p>
   </div>
   <div class='ocr_carea' id='block_1_7' title="bbox 205 3258 1430 3388">
    <p class='ocr_par' dir='ltr' id='par_1_7' title="bbox 205 3258 1430 3388">
     <span class='ocr_line' id='line_1_20' title="bbox 205 3258 1430 3388; baseline 0.005 -40"><span class='ocrx_word' id='word_1_127' title='bbox 205 3282 312 3349; x_wconf 89' lang='lat' dir='ltr'>nostri</span> <span class='ocrx_word' id='word_1_128' title='bbox 336 3280 587 3347; x_wconf 84' lang='lat' dir='ltr'>Gantuariensis</span> <span class='ocrx_word' id='word_1_129' title='bbox 610 3281 650 3345; x_wconf 91' lang='lat' dir='ltr'>de</span> <span class='ocrx_word' id='word_1_130' title='bbox 674 3280 876 3367; x_wconf 88' lang='lat' dir='ltr'>bajulatione</span> <span class='ocrx_word' id='word_1_131' title='bbox 908 3282 1014 3347; x_wconf 90' lang='lat' dir='ltr'>crucis</span> <span class='ocrx_word' id='word_1_132' title='bbox 1047 3282 1194 3361; x_wconf 81' lang='lat' dir='ltr'>Eboraci,</span> <span class='ocrx_word' id='word_1_133' title='bbox 1222 3306 1261 3349; x_wconf 87' lang='lat' dir='ltr'>ac</span> <span class='ocrx_word' id='word_1_134' title='bbox 1273 3258 1430 3388; x_wconf 52' lang='lat' dir='ltr'>ffiffldby</span> 
     </span>
    </p>
   </div>
   <div class='ocr_carea' id='block_1_8' title="bbox 205 3383 1423 3589">
    <p class='ocr_par' dir='ltr' id='par_1_8' title="bbox 205 3383 1423 3589">
     <span class='ocr_line' id='line_1_21' title="bbox 205 3383 1413 3470; baseline -0.001 -20"><span class='ocrx_word' id='word_1_135' title='bbox 205 3386 242 3449; x_wconf 90' lang='lat' dir='ltr'>in</span> <span class='ocrx_word' id='word_1_136' title='bbox 267 3383 424 3470; x_wconf 83' lang='lat' dir='ltr'>Capitulo</span> <span class='ocrx_word' id='word_1_137' title='bbox 457 3387 570 3447; x_wconf 90' lang='lat' dir='ltr'>nostro</span> <span class='ocrx_word' id='word_1_138' title='bbox 593 3404 632 3447; x_wconf 93' lang='lat' dir='ltr'>ea</span> <span class='ocrx_word' id='word_1_139' title='bbox 666 3404 732 3468; x_wconf 85' lang='lat' dir='ltr'>qua</span> <span class='ocrx_word' id='word_1_140' title='bbox 754 3384 867 3449; x_wconf 89' lang='lat' dir='ltr'>decuit</span> <span class='ocrx_word' id='word_1_141' title='bbox 897 3385 1084 3449; x_wconf 89' lang='lat' dir='ltr'>reverentia</span> <span class='ocrx_word' id='word_1_142' title='bbox 1106 3386 1263 3463; x_wconf 88' lang='lat' dir='ltr'>recitatis,</span> <span class='ocrx_word' id='word_1_143' title='bbox 1274 3390 1319 3467; x_wconf 71' lang='lat'>¹¹3⁰</span> <span class='ocrx_word' id='word_1_144' title='bbox 1330 3389 1413 3440; x_wconf 74' lang='lat' dir='ltr'>Arch-</span> 
     </span>
     <span class='ocr_line' id='line_1_22' title="bbox 206 3456 1423 3589; baseline -0.001 -35"><span class='ocrx_word' id='word_1_145' title='bbox 206 3488 247 3553; x_wconf 87' lang='lat' dir='ltr'>dc</span> <span class='ocrx_word' id='word_1_146' title='bbox 270 3487 474 3572; x_wconf 84' lang='lat' dir='ltr'>antiquitate</span> <span class='ocrx_word' id='word_1_147' title='bbox 508 3486 596 3551; x_wconf 84' lang='lat' dir='ltr'>datae</span> <span class='ocrx_word' id='word_1_148' title='bbox 629 3486 776 3572; x_wconf 89' lang='lat' dir='ltr'>ejusdem</span> <span class='ocrx_word' id='word_1_149' title='bbox 809 3486 930 3552; x_wconf 87' lang='lat' dir='ltr'>litterae</span> <span class='ocrx_word' id='word_1_150' title='bbox 965 3488 1172 3553; x_wconf 87' lang='lat' dir='ltr'>mirabantur</span> <span class='ocrx_word' id='word_1_151' title='bbox 1194 3511 1262 3555; x_wconf 91' lang='lat' dir='ltr'>non</span> <span class='ocrx_word' id='word_1_152' title='bbox 1274 3456 1423 3589; x_wconf 53' lang='lat' dir='ltr'>fflffig</span> 
     </span>
    </p>
   </div>
   <div class='ocr_carea' id='block_1_9' title="bbox 206 3590 1404 3706">
    <p class='ocr_par' dir='ltr' id='par_1_9' title="bbox 206 3590 1404 3706">
     <span class='ocr_line' id='line_1_23' title="bbox 206 3590 1404 3706; baseline -0.001 -50"><span class='ocrx_word' id='word_1_153' title='bbox 206 3590 372 3656; x_wconf 90' lang='lat' dir='ltr'>modicum</span> <span class='ocrx_word' id='word_1_154' title='bbox 410 3590 528 3655; x_wconf 87' lang='lat' dir='ltr'>fratres</span> <span class='ocrx_word' id='word_1_155' title='bbox 566 3590 681 3665; x_wconf 89' lang='lat' dir='ltr'>nostri,</span> <span class='ocrx_word' id='word_1_156' title='bbox 719 3591 798 3676; x_wconf 90' lang='lat' dir='ltr'>quia</span> <span class='ocrx_word' id='word_1_157' title='bbox 843 3596 919 3676; x_wconf 88' lang='lat' dir='ltr'>post</span> <span class='ocrx_word' id='word_1_158' title='bbox 957 3591 1069 3657; x_wconf 90' lang='lat' dir='ltr'>datam</span> <span class='ocrx_word' id='word_1_159' title='bbox 1114 3594 1262 3677; x_wconf 87' lang='lat' dir='ltr'>ejusdem</span> <span class='ocrx_word' id='word_1_160' title='bbox 1274 3605 1404 3706; x_wconf 49' lang='lat' dir='ltr'>mm</span> 
     </span>
    </p>
   </div>
   <div class='ocr_carea' id='block_1_10' title="bbox 206 3692 1429 4800">
    <p class='ocr_par' dir='ltr' id='par_1_10' title="bbox 206 3692 1409 3981">
     <span class='ocr_line' id='line_1_24' title="bbox 206 3692 1359 3783; baseline 0.005 -26"><span class='ocrx_word' id='word_1_161' title='bbox 206 3694 330 3759; x_wconf 78' lang='lat' dir='ltr'>litterae</span> <span class='ocrx_word' id='word_1_162' title='bbox 362 3692 526 3757; x_wconf 91' lang='lat' dir='ltr'>Dominus</span> <span class='ocrx_word' id='word_1_163' title='bbox 557 3692 832 3780; x_wconf 88' lang='lat' dir='ltr'>Archiepiscopus</span> <span class='ocrx_word' id='word_1_164' title='bbox 863 3693 1078 3760; x_wconf 87' lang='lat' dir='ltr'>Eboracensis</span> <span class='ocrx_word' id='word_1_165' title='bbox 1109 3696 1146 3760; x_wconf 91' lang='lat' dir='ltr'>in</span> <span class='ocrx_word' id='word_1_166' title='bbox 1180 3719 1264 3783; x_wconf 88' lang='lat' dir='ltr'>prae·</span> <span class='ocrx_word' id='word_1_167' title='bbox 1276 3723 1359 3773; x_wconf 76' lang='lat' dir='ltr'>Aren-</span> 
     </span>
     <span class='ocr_line' id='line_1_25' title="bbox 206 3790 1409 3880; baseline 0.001 -21"><span class='ocrx_word' id='word_1_168' title='bbox 206 3796 316 3861; x_wconf 87' lang='lat' dir='ltr'>sentia</span> <span class='ocrx_word' id='word_1_169' title='bbox 338 3793 420 3859; x_wconf 91' lang='lat' dir='ltr'>dicti</span> <span class='ocrx_word' id='word_1_170' title='bbox 443 3794 548 3880; x_wconf 89' lang='lat' dir='ltr'>patris</span> <span class='ocrx_word' id='word_1_171' title='bbox 570 3794 676 3859; x_wconf 87' lang='lat' dir='ltr'>nostri</span> <span class='ocrx_word' id='word_1_172' title='bbox 699 3793 887 3873; x_wconf 89' lang='lat' dir='ltr'>Londoniis,</span> <span class='ocrx_word' id='word_1_173' title='bbox 912 3802 951 3860; x_wconf 93' lang='lat' dir='ltr'>ut</span> <span class='ocrx_word' id='word_1_174' title='bbox 973 3796 1104 3874; x_wconf 88' lang='lat' dir='ltr'>dicitur,</span> <span class='ocrx_word' id='word_1_175' title='bbox 1135 3819 1263 3864; x_wconf 86' lang='lat' dir='ltr'>crucem</span> <span class='ocrx_word' id='word_1_176' title='bbox 1276 3790 1409 3853; x_wconf 73' lang='lat' dir='ltr'>bishopof</span> 
     </span>
     <span class='ocr_line' id='line_1_26' title="bbox 207 3857 1368 3981; baseline 0.001 -19"><span class='ocrx_word' id='word_1_177' title='bbox 207 3918 306 3962; x_wconf 91' lang='lat' dir='ltr'>suum</span> <span class='ocrx_word' id='word_1_178' title='bbox 328 3900 408 3961; x_wconf 90' lang='lat' dir='ltr'>ante</span> <span class='ocrx_word' id='word_1_179' title='bbox 442 3917 476 3960; x_wconf 91' lang='lat' dir='ltr'>se</span> <span class='ocrx_word' id='word_1_180' title='bbox 510 3895 642 3981; x_wconf 90' lang='lat' dir='ltr'>publice</span> <span class='ocrx_word' id='word_1_181' title='bbox 664 3895 742 3961; x_wconf 87' lang='lat' dir='ltr'>fecit</span> <span class='ocrx_word' id='word_1_182' title='bbox 765 3895 894 3962; x_wconf 83' lang='lat' dir='ltr'>desani.</span> <span class='ocrx_word' id='word_1_183' title='bbox 940 3896 1011 3964; x_wconf 88' lang='lat' dir='ltr'>Nec</span> <span class='ocrx_word' id='word_1_184' title='bbox 1032 3904 1084 3964; x_wconf 90' lang='lat' dir='ltr'>est</span> <span class='ocrx_word' id='word_1_185' title='bbox 1110 3900 1264 3965; x_wconf 88' lang='lat' dir='ltr'>auditum</span> <span class='ocrx_word' id='word_1_186' title='bbox 1276 3857 1368 3973; x_wconf 51' lang='lat' dir='ltr'>billa</span> 
     </span>
    </p>

    <p class='ocr_par' dir='ltr' id='par_1_11' title="bbox 208 3988 1429 4306">
     <span class='ocr_line' id='line_1_27' title="bbox 208 3988 1428 4105; baseline 0 -39"><span class='ocrx_word' id='word_1_187' title='bbox 208 4002 246 4066; x_wconf 92' lang='lat' dir='ltr'>in</span> <span class='ocrx_word' id='word_1_188' title='bbox 268 3998 419 4086; x_wconf 83' lang='lat' dir='ltr'>partibus</span> <span class='ocrx_word' id='word_1_189' title='bbox 455 3999 587 4078; x_wconf 84' lang='lat' dir='ltr'>nostris,</span> <span class='ocrx_word' id='word_1_190' title='bbox 621 3998 708 4084; x_wconf 90' lang='lat' dir='ltr'>quod</span> <span class='ocrx_word' id='word_1_191' title='bbox 741 3998 855 4085; x_wconf 88' lang='lat' dir='ltr'>aliqua</span> <span class='ocrx_word' id='word_1_192' title='bbox 878 4002 1027 4083; x_wconf 82' lang='lat' dir='ltr'>executio</span> <span class='ocrx_word' id='word_1_193' title='bbox 1051 4002 1141 4068; x_wconf 84' lang='lat' dir='ltr'>facta</span> <span class='ocrx_word' id='word_1_194' title='bbox 1162 3988 1428 4105; x_wconf 63' lang='lat' dir='ltr'>fuerit⁰¹³¹¹⁸⁴³¹¹³⁸be</span> 
     </span>
     <span class='ocr_line' id='line_1_28' title="bbox 208 4064 1429 4186; baseline 0.003 -17"><span class='ocrx_word' id='word_1_195' title='bbox 208 4106 324 4169; x_wconf 87' lang='lat' dir='ltr'>contra</span> <span class='ocrx_word' id='word_1_196' title='bbox 356 4099 548 4186; x_wconf 88' lang='lat' dir='ltr'>hujusmodi</span> <span class='ocrx_word' id='word_1_197' title='bbox 582 4099 820 4186; x_wconf 85' lang='lat' dir='ltr'>bajulationem</span> <span class='ocrx_word' id='word_1_198' title='bbox 844 4102 949 4167; x_wconf 88' lang='lat' dir='ltr'>crucis</span> <span class='ocrx_word' id='word_1_199' title='bbox 982 4102 1048 4167; x_wconf 92' lang='lat' dir='ltr'>hiis</span> <span class='ocrx_word' id='word_1_200' title='bbox 1080 4104 1196 4169; x_wconf 89' lang='lat' dir='ltr'>diebus</span> <span class='ocrx_word' id='word_1_201' title='bbox 1228 4105 1263 4168; x_wconf 91' lang='lat' dir='ltr'>in</span> <span class='ocrx_word' id='word_1_202' title='bbox 1277 4064 1429 4173; x_wconf 63' lang='lat' dir='ltr'>iliiiedobe-</span> 
     </span>
     <span class='ocr_line' id='line_1_29' title="bbox 208 4189 1397 4306; baseline 0 -35"><span class='ocrx_word' id='word_1_203' title='bbox 208 4204 347 4273; x_wconf 87' lang='lat' dir='ltr'>eivitate</span> <span class='ocrx_word' id='word_1_204' title='bbox 370 4203 425 4267; x_wconf 85' lang='lat' dir='ltr'>vel</span> <span class='ocrx_word' id='word_1_205' title='bbox 448 4204 605 4268; x_wconf 83' lang='lat' dir='ltr'>suburbio</span> <span class='ocrx_word' id='word_1_206' title='bbox 630 4202 884 4268; x_wconf 89' lang='lat' dir='ltr'>Londoniarum.</span> <span class='ocrx_word' id='word_1_207' title='bbox 932 4205 1099 4271; x_wconf 88' lang='lat' dir='ltr'>Mirantur</span> <span class='ocrx_word' id='word_1_208' title='bbox 1130 4208 1265 4294; x_wconf 88' lang='lat' dir='ltr'>insuper</span> <span class='ocrx_word' id='word_1_209' title='bbox 1276 4189 1397 4306; x_wconf 50' lang='lat' dir='ltr'>{ftehffm</span> 
     </span>
    </p>

    <p class='ocr_par' dir='ltr' id='par_1_12' title="bbox 210 4306 1429 4800">
     <span class='ocr_line' id='line_1_30' title="bbox 210 4306 1419 4392; baseline -0.002 -19"><span class='ocrx_word' id='word_1_210' title='bbox 210 4309 332 4373; x_wconf 87' lang='lat' dir='ltr'>fratres</span> <span class='ocrx_word' id='word_1_211' title='bbox 365 4306 480 4383; x_wconf 88' lang='lat' dir='ltr'>nostri,</span> <span class='ocrx_word' id='word_1_212' title='bbox 504 4306 592 4392; x_wconf 93' lang='lat' dir='ltr'>quod</span> <span class='ocrx_word' id='word_1_213' title='bbox 619 4306 728 4371; x_wconf 86' lang='lat' dir='ltr'>dictus</span> <span class='ocrx_word' id='word_1_214' title='bbox 751 4312 847 4392; x_wconf 88' lang='lat' dir='ltr'>pater</span> <span class='ocrx_word' id='word_1_215' title='bbox 878 4312 990 4373; x_wconf 89' lang='lat' dir='ltr'>noster</span> <span class='ocrx_word' id='word_1_216' title='bbox 1017 4309 1265 4376; x_wconf 84' lang='lat' dir='ltr'>Cantuariensis</span> <span class='ocrx_word' id='word_1_217' title='bbox 1277 4321 1419 4372; x_wconf 74' lang='lat' dir='ltr'>dioceseos</span> 
     </span>
     <span class='ocr_line' id='line_1_31' title="bbox 211 4389 1426 4507; baseline 0 -30"><span class='ocrx_word' id='word_1_218' title='bbox 211 4410 361 4477; x_wconf 84' lang='lat' dir='ltr'>mutavit</span> <span class='ocrx_word' id='word_1_219' title='bbox 386 4409 523 4474; x_wconf 91' lang='lat' dir='ltr'>modum</span> <span class='ocrx_word' id='word_1_220' title='bbox 554 4415 589 4475; x_wconf 91' lang='lat' dir='ltr'>et</span> <span class='ocrx_word' id='word_1_221' title='bbox 611 4408 754 4474; x_wconf 84' lang='lat' dir='ltr'>formam</span> <span class='ocrx_word' id='word_1_222' title='bbox 777 4415 969 4476; x_wconf 88' lang='lat' dir='ltr'>consuetam</span> <span class='ocrx_word' id='word_1_223' title='bbox 991 4412 1071 4476; x_wconf 90' lang='lat' dir='ltr'>filiis</span> <span class='ocrx_word' id='word_1_224' title='bbox 1096 4414 1165 4477; x_wconf 89' lang='lat' dir='ltr'>suis</span> <span class='ocrx_word' id='word_1_225' title='bbox 1188 4414 1266 4479; x_wconf 87' lang='lat' dir='ltr'>scri-</span> <span class='ocrx_word' id='word_1_226' title='bbox 1279 4389 1426 4507; x_wconf 42' lang='lat' dir='ltr'>{quaeq-m</span> 
     </span>
     <span class='ocr_line' id='line_1_32' title="bbox 211 4471 1409 4601; baseline 0 -21"><span class='ocrx_word' id='word_1_227' title='bbox 211 4506 322 4580; x_wconf 84' lang='lat' dir='ltr'>bandi.</span> <span class='ocrx_word' id='word_1_228' title='bbox 369 4512 505 4578; x_wconf 84' lang='lat' dir='ltr'>Solebat</span> <span class='ocrx_word' id='word_1_229' title='bbox 527 4512 625 4589; x_wconf 90' lang='lat' dir='ltr'>enim,</span> <span class='ocrx_word' id='word_1_230' title='bbox 648 4513 771 4578; x_wconf 90' lang='lat' dir='ltr'>nedum</span> <span class='ocrx_word' id='word_1_231' title='bbox 794 4514 883 4578; x_wconf 90' lang='lat' dir='ltr'>idem</span> <span class='ocrx_word' id='word_1_232' title='bbox 906 4519 1001 4599; x_wconf 90' lang='lat' dir='ltr'>pater</span> <span class='ocrx_word' id='word_1_233' title='bbox 1026 4537 1142 4580; x_wconf 89' lang='lat' dir='ltr'>verum</span> <span class='ocrx_word' id='word_1_234' title='bbox 1165 4517 1267 4581; x_wconf 91' lang='lat' dir='ltr'>etiam</span> <span class='ocrx_word' id='word_1_235' title='bbox 1280 4471 1409 4601; x_wconf 57' lang='lat' dir='ltr'>aucrdr’rea</span> 
     </span>
     <span class='ocr_line' id='line_1_33' title="bbox 212 4592 1429 4706; baseline -0.002 -23"><span class='ocrx_word' id='word_1_236' title='bbox 212 4617 320 4683; x_wconf 88' lang='lat' dir='ltr'>sancti</span> <span class='ocrx_word' id='word_1_237' title='bbox 347 4620 458 4701; x_wconf 87' lang='lat' dir='ltr'>patres</span> <span class='ocrx_word' id='word_1_238' title='bbox 492 4615 743 4701; x_wconf 85' lang='lat' dir='ltr'>praedecessores</span> <span class='ocrx_word' id='word_1_239' title='bbox 778 4616 829 4679; x_wconf 92' lang='lat' dir='ltr'>sui</span> <span class='ocrx_word' id='word_1_240' title='bbox 853 4617 910 4701; x_wconf 93' lang='lat' dir='ltr'>qui</span> <span class='ocrx_word' id='word_1_241' title='bbox 942 4635 1001 4703; x_wconf 91' lang='lat' dir='ltr'>pro</span> <span class='ocrx_word' id='word_1_242' title='bbox 1025 4622 1172 4703; x_wconf 89' lang='lat' dir='ltr'>tempore</span> <span class='ocrx_word' id='word_1_243' title='bbox 1198 4592 1429 4706; x_wconf 57' lang='lat' dir='ltr'>fue-fflffltssn</span> 
     </span>
     <span class='ocr_line' id='line_1_34' title="bbox 212 4716 1395 4800; baseline 0.003 -17"><span class='ocrx_word' id='word_1_244' title='bbox 212 4720 291 4794; x_wconf 89' lang='lat' dir='ltr'>rint,</span> <span class='ocrx_word' id='word_1_245' title='bbox 315 4716 455 4782; x_wconf 87' lang='lat' dir='ltr'>scribere</span> <span class='ocrx_word' id='word_1_246' title='bbox 479 4716 636 4800; x_wconf 83' lang='lat' dir='ltr'>Capitulo</span> <span class='ocrx_word' id='word_1_247' title='bbox 667 4716 795 4781; x_wconf 86' lang='lat' dir='ltr'>ratione</span> <span class='ocrx_word' id='word_1_248' title='bbox 818 4717 962 4783; x_wconf 88' lang='lat' dir='ltr'>ecelesiae</span> <span class='ocrx_word' id='word_1_249' title='bbox 986 4718 1204 4799; x_wconf 74' lang='lat' dir='ltr'>OathedraliS,</span> <span class='ocrx_word' id='word_1_250' title='bbox 1235 4723 1395 4787; x_wconf 67' lang='lat' dir='ltr'>etbiahon’s</span> 
     </span>
    </p>
   </div>
   <div class='ocr_carea' id='block_1_11' title="bbox 213 4790 1424 4904">
    <p class='ocr_par' dir='ltr' id='par_1_13' title="bbox 213 4790 1424 4904">
     <span class='ocr_line' id='line_1_35' title="bbox 213 4790 1424 4904; baseline -0.009 -12"><span class='ocrx_word' id='word_1_251' title='bbox 213 4819 289 4885; x_wconf 75' lang='lat' dir='ltr'>aliis</span> <span class='ocrx_word' id='word_1_252' title='bbox 330 4818 492 4904; x_wconf 78' lang='lat' dir='ltr'>religiosis</span> <span class='ocrx_word' id='word_1_253' title='bbox 538 4818 676 4883; x_wconf 88' lang='lat' dir='ltr'>seribere</span> <span class='ocrx_word' id='word_1_254' title='bbox 717 4816 909 4885; x_wconf 83' lang='lat' dir='ltr'>Conventui</span> <span class='ocrx_word' id='word_1_255' title='bbox 955 4820 1084 4885; x_wconf 91' lang='lat' dir='ltr'>ratione</span> <span class='ocrx_word' id='word_1_256' title='bbox 1128 4790 1424 4889; x_wconf 66' lang='lat' dir='ltr'>ecclesiaeh⁰¹¹⁸⁰h⁰ld</span> 
     </span>
    </p>
   </div>
   <div class='ocr_carea' id='block_1_12' title="bbox 0 0 1692 5859">
    <p class='ocr_par' dir='ltr' id='par_1_14' title="bbox 0 0 1692 5859">
     <span class='ocr_line' id='line_1_36' title="bbox 0 0 1692 5859; baseline 0 0"><span class='ocrx_word' id='word_1_257' title='bbox 0 0 1692 5859; x_wconf 95' lang='lat' dir='ltr'> </span> 
     </span>
    </p>
   </div>
  </div>
 </body>
</html>
