3309 5859
552 930 844 984 OANTUARIENSES.

194 1359 424 1447 -164.—Very
454 1360 532 1427 deor
555 1361 651 1441 Lord,
682 1362 867 1430 forasmuoh
905 1365 942 1430 as
987 1385 1048 1429 one
1078 1359 1115 1430 of
1156 1386 1216 1430 our

163 1460 283 1526 monks
299 1461 359 1527 has
374 1466 597 1550 transgressed
612 1466 744 1553 against
770 1466 843 1532 God
857 1467 923 1532 and
948 1466 1000 1531 his
1026 1466 1215 1554 profession,

163 1562 232 1626 and
255 1563 386 1650 against
401 1586 502 1651 every
516 1566 616 1653 grade
641 1567 679 1656 of
700 1567 779 1653 holy
795 1567 943 1654 religion,
970 1568 1013 1632 he
1037 1564 1066 1631 is
1092 1573 1156 1654 put
1180 1575 1215 1633 to

163 1686 311 1751 penanoe
330 1667 366 1730 in
380 1668 577 1735 accordante
594 1668 678 1734 with
704 1668 762 1735 the
779 1671 875 1735 order
889 1670 957 1735 and
971 1670 1043 1735 rule
1058 1669 1097 1734 of
1116 1668 1214 1735 Saint

162 1766 332 1847 Benedict,
348 1768 400 1834 for
427 1771 487 1835 the
511 1771 678 1836 salvation
694 1770 732 1837 of
741 1772 794 1837 his
819 1773 901 1851 soul,
925 1773 1037 1858 owing
1051 1777 1087 1836 to
1103 1772 1214 1837 divers

163 1874 341 1955 trespasses
355 1869 465 1939 which
488 1894 544 1938 are
567 1873 702 1939 notable
717 1875 783 1939 aad
800 1874 958 1960 weighty.
1003 1874 1090 1951 And,
1105 1873 1214 1939 there·

161 1970 239 2048 fore,
255 1993 338 2059 very
354 1971 432 2037 dear
454 1973 552 2050 Lord,
583 1997 633 2040 we
656 1974 861 2060 confidently
883 1997 968 2062 pray
989 1997 1058 2061 you
1079 1974 1164 2053 that,
1187 1975 1216 2038 if
1296 2046 1300 2053 ,

161 2094 229 2157 you
245 2071 325 2139 hear
340 2074 507 2161 anything
521 2076 594 2141 said
608 2076 711 2143 about
734 2076 801 2141 this
816 2076 920 2156 affair,
942 2076 993 2141 sor
1007 2076 1065 2141 the
1080 2098 1212 2141 reasons

160 2176 266 2241 above
289 2177 469 2256 rehearsed,
493 2200 561 2264 you
584 2178 655 2244 will
678 2178 777 2244 make
793 2200 929 2245 excuses
951 2169 1003 2243 for
1024 2200 1064 2243 us
1079 2179 1211 2265 against

160 2277 206 2342 all
221 2300 360 2345 manner
374 2280 411 2346 of
425 2302 502 2347 men
517 2282 629 2349 whom
643 2303 712 2368 you
727 2281 808 2348 hear
823 2280 924 2370 speak
939 2281 978 2346 of
988 2281 1056 2346 this
1079 2287 1210 2349 matter.

159 2378 330 2448 Farewell

158 2698 365 2764 reformanda
386 2699 475 2764 inter
497 2700 626 2765 eosdem
656 2720 776 2787 magno
798 2704 946 2787 tempore
968 2698 1128 2764 sollicitus
1151 2721 1208 2763 ex-

158 2801 233 2867 titit
255 2806 290 2866 et
322 2802 445 2869 existit.
490 2801 583 2869 Licet
617 2802 841 2887 animalique
863 2823 1002 2889 persona
1031 2801 1207 2889 singularis

157 2904 252 2989 regni
274 2904 414 2991 Anglise,
437 2903 521 2970 forte
554 2904 624 2969 sine
658 2904 755 2991 culpa
778 2910 811 2969 et
841 2905 911 2969 sine
943 2925 1049 2980 causa,
1073 2904 1208 2989 quibus·

157 3007 236 3071 dam
258 3028 325 3071 non
356 3006 558 3093 complaceat
580 3007 616 3072 in
638 3008 806 3093 praesenti,
829 3028 905 3073 cum
935 3007 1046 3072 nullus
1076 3006 1112 3070 in
1136 3010 1207 3071 tota

156 3108 274 3173 mundi
297 3108 451 3174 machina
480 3108 633 3173 omnibus
656 3131 695 3175 ae
717 3109 859 3195 singulis
881 3115 915 3174 et
946 3130 1073 3195 semper
1095 3108 1207 3173 valeat

155 3211 366 3297 complacere,
389 3210 482 3276 nulla
520 3216 633 3276 tamen
663 3212 870 3297 (benedictus
893 3213 1020 3276 Auctor
1049 3210 1139 3295 pacis
1171 3215 1206 3275 et

156 3312 310 3399 Amator)
326 3318 443 3379 contra
465 3312 647 3377 Dominum
670 3317 821 3387 nostrum
845 3314 970 3399 Regem
985 3312 1122 3398 Angliae,
1146 3334 1205 3377 seu

155 3415 315 3502 populum
338 3415 400 3480 sibi
423 3414 617 3500 subjectum,
641 3416 737 3482 realis
767 3416 821 3481 vel
844 3414 1022 3501 personalis
1051 3420 1205 3479 movetur

155 3517 297 3603 quaestio
328 3517 559 3603 calumpniosa,
593 3524 693 3604 prout
725 3518 847 3584 litterae
882 3517 1034 3582 Dominae
1066 3515 1203 3602 Regino

155 3620 288 3707 Angliae
323 3619 417 3685 vobis
451 3640 559 3706 nuper
591 3620 791 3687 transmissae
814 3620 944 3706 plenius
967 3623 1202 3683 contestantur.

156 3722 244 3789 Sane
266 3720 307 3787 de
330 3721 477 3808 reliquiis
501 3727 689 3787 sanctorum
720 3742 892 3807 corporum
913 3722 949 3785 in
972 3719 1107 3786 ecelesia
1129 3742 1203 3785 ves·

155 3832 208 3892 tra
246 3826 479 3893 Cantuariensi
516 3824 756 3911 quiescentium
794 3844 906 3889 euram
944 3828 979 3887 et
1010 3822 1202 3888 continuam

155 3928 339 3995 custodiam
355 3928 457 3993 habet
480 3926 542 3993 Ille
566 3926 624 4012 qui
639 3926 786 4013 ipsorum
808 3926 936 3991 animas
957 3926 994 3989 in
1016 3925 1086 3990 loeo
1111 3926 1201 4003 lucis,

154 4031 288 4119 quietis,
311 4034 345 4095 et
375 4029 489 4115 gloriae
527 4028 707 4105 collocavit,
742 4048 911 4114 quousque
945 4026 1009 4091 sibi
1040 4026 1202 4113 placuerit

152 4137 243 4223 ipsas
280 4134 407 4198 animas
445 4137 479 4197 et
516 4152 651 4218 corpora
696 4131 951 4196 misericorditer
994 4129 1202 4209 combinare3

151 4236 353 4303 fiducialiter
390 4236 491 4301 etiam
533 4240 684 4321 speratur
721 4235 809 4321 quod
847 4232 1000 4299 Christus
1047 4252 1198 4316 sponsam

152 4363 249 4408 suam
271 4362 340 4426 prae
362 4334 490 4405 caeteris
512 4360 534 4403 a
556 4340 682 4404 cunctis
698 4338 844 4403 molestis
867 4334 1042 4401 eventibus
1065 4356 1199 4420 praeser-

150 4443 258 4510 rabit.
302 4442 467 4520 Ceterum,
490 4440 545 4526 pie
570 4446 665 4527 pater
687 4445 721 4505 et
743 4444 864 4526 pastor,
887 4458 946 4523 pro
969 4436 1200 4501 benevolentia

150 4551 274 4625 vestra,
298 4544 392 4608 vobis
423 4542 554 4609 coelitus
585 4542 755 4629 inspirata,
777 4540 866 4627 quod
898 4537 1054 4625 Capitulo
1088 4544 1198 4602 vestro

149 4646 281 4734 aliquid
311 4645 526 4711 honorificum
550 4650 585 4710 et
616 4644 775 4730 placabile
808 4642 951 4719 faciatis,
974 4647 1095 4707 terram
1127 4663 1198 4705 ves·

149 4756 238 4817 tram
277 4748 319 4813 de
357 4746 531 4813 Caldeoote
562 4746 665 4833 juxta
703 4746 917 4814 Oantuariam
955 4766 1030 4811 eum
1066 4764 1198 4809 nemore

148 4850 316 4939 adjacenti
350 4854 385 4915 et
415 4849 490 4914 aliis
520 4848 729 4935 pertinentiis
759 4848 827 4915 suis
850 4847 955 4914 Priori
985 4852 1020 4913 et
1043 4846 1198 4933 Capitulo

997 4952 1063 5013 aa
