3309 5859
566 852 856 904 csmumrnssrs
1169 837 1233 902 241

184 1038 333 1108 Scient'es
366 1043 454 1128 quod
484 1042 534 1106 illi
559 1043 617 1127 qui
648 1043 871 1106 reversionem
906 1041 988 1106 dicti
1019 1040 1155 1104 Thomse
1189 1038 1232 1103 ad
1245 1029 1392 1148 ἔξθὲἒῐξὲῖ

185 1143 364 1210 Ecclesiam
391 1151 537 1211 nostram
577 1151 693 1210 contra
721 1143 887 1231 regularia
919 1143 1043 1207 ordinis
1075 1141 1385 1212 institutassetisnot

182 1247 362 1324 retardant,
400 1248 521 1312 animae
558 1269 627 1312 suae
666 1247 805 1312 salutem
846 1268 912 1311 non
953 1245 1142 1330 respiciunt,
1180 1231 1384 1360 setffilggffi

182 1350 316 1433 penitus
338 1349 444 1415 eidem
467 1351 634 1414 resistunt.
682 1349 727 1415 Et
753 1350 781 1413 si
808 1348 971 1413 Dominus
1001 1352 1113 1412 noster
1144 1347 1229 1412 Gan·
1243 1363 1385 1412 ofcmnmon

181 1452 360 1517 tuariensis
390 1453 516 1538 aliquid
542 1475 641 1538 super
674 1453 851 1538 praemissis
883 1456 997 1515 eontra
1023 1450 1230 1514 voluntatem
1242 1428 1384 1545 {fiss‘ffl
1476 1507 1479 1514 ,

183 1552 375 1621 Conventus
405 1560 591 1640 attemptet,
626 1553 728 1640 prout'
761 1554 866 1639 aliqui
897 1557 1048 1619 asserunt
1074 1575 1108 1618 se
1145 1552 1229 1616 velle
1243 1563 1325 1611 Aren-

183 1661 390 1743 attemptsre,
427 1657 645 1743 proculdubio
675 1655 885 1721 intolerabile
914 1654 1105 1721 scandalum
1132 1629 1401 1744 pulu-fflgl’eiw

91 1829 94 1832 ,
182 1757 275 1834 labit,
298 1760 386 1844 quod
411 1757 583 1823 mallemus
603 1758 687 1823 mori
710 1759 809 1823 eitius
826 1779 924 1843 quam
946 1757 1065 1822 videre.
1113 1757 1229 1822 Valete
1242 1762 1360 1825 properly

182 1860 268 1925 sicut
305 1861 415 1926 valere
449 1859 615 1926 vellemus.
662 1861 830 1945 Scriptum
871 1859 1060 1925 Osntusriae
1090 1860 1230 1946 septimo
1243 1828 1370 1944 325¹,ssth

184 1962 237 2026 (lle
263 1961 422 2029 Octobris.
1243 1961 1285 2010 the
1296 1961 1363 2011 Con-

1242 2036 1303 2077 vent
1314 2035 1386 2093 great

1245 2095 1347 2144 scandar

1244 2161 1295 2210 will
1307 2159 1382 2210 ariae.

227 2239 403 2305 tta-Dr:
425 2255 705 2305 cossnesrrrosa
729 2241 856 2305 Essem
873 2239 1163 2306 Wreoasrassrs.¹
1286 2277 1370 2328 90θῒΊ

228 2401 336 2468 Sacrae
351 2403 520 2490 religionis
542 2404 790 2489 professoribus,
814 2403 979 2469 fratribus
1002 2402 1175 2490 Suppriori
1199 2407 1233 2466 et
1288 2347 1359 2395 lm

184 2503 339 2591 Capitulo
362 2505 514 2572 Ecclesiae
536 2506 735 2572 cathedralis
758 2507 1021 2594 Wygorniensis,
1038 2505 1232 2588 H(emicus)

183 2606 398 2692 permissione
429 2606 553 2685 divino,
587 2615 657 2684 etc,
690 2614 725 2672 et
758 2608 904 2693 ejusdem
928 2607 992 2672 loci
1028 2605 1233 2692 Capitulum,
1245 2618 1300 2668 Tre
1313 2615 1386 2666 Prior

185 2709 336 2786 salutem,
368 2715 402 2774 et
441 2708 621 2775 fraternam
657 2710 692 2774 in
728 2709 872 2775 Domino
904 2710 1086 2775 caritatem.
1143 2684 1392 2814 Daugssfyfflr‘·

184 2811 371 2876 litterarum
394 2819 591 2890 vestrarum,
614 2833 697 2897 quas
720 2812 815 2897 viijvo
840 2812 893 2876 die
928 2805 1049 2876 m'ensis
1080 2809 1232 2876 Octobris
1244 2829 1377 2881 expresses

185 2934 292 2999 nuper
317 2912 507 2998 recepimus,
533 2914 735 2979 occasionem
771 2912 865 2978 nobis
888 2912 1008 2978 tribuit
1038 2911 1232 2988 admirandi,
1244 2885 1376 3014 ffiflffid

184 3015 368 3100 praesertim
384 3036 426 3078 ex
442 3035 480 3080 eo
496 3015 584 3100 quod
610 3016 713 3092 nobis,
728 3037 788 3101 per
803 3015 932 3080 easdem
955 3015 1094 3093 litteras,
1108 3013 1232 3100 suppli·
1246 3017 1376 3093 ‹riseppro

187 3116 287 3182 castis
311 3117 399 3202 quod
423 3121 573 3182 nostrum
597 3139 789 3203 expressum
812 3117 1033 3203 praeberemus
1064 3103 1232 3182 assensum
1244 3085 1331 3214 iffi?
1327 3146 1405 3211 being

185 3241 284 3306 super
306 3219 533 3285 commissione
555 3219 693 3285 Domini
710 3219 959 3286 Cantuariensis
981 3218 1235 3305 Archiepisoopi,
1249 3217 1328 3330 ”¹03
1340 3217 1375 3291 ‚br

187 3322 294 3387 facta
313 3343 372 3406 per
406 3343 482 3386 eum
521 3322 617 3386 alteri
648 3321 819 3408 Episcopo,
857 3323 910 3388 cui
950 3322 1038 3386 idem
1072 3320 1235 3385 Dominus
1248 3283 1377 3400 ppeworpr

187 3425 331 3489 duxerat
345 3423 618 3489 committendum
633 3445 733 3510 super
747 3424 995 3490 confirmatione
1011 3423 1116 3489 Electi
1132 3423 1235 3488 vestri
1248 3413 1362 3530 &⁸505ss
1397 3480 1406 3530 1

186 3534 221 3593 et
243 3526 486 3593 consecratione
514 3526 670 3612 ejusdem,
705 3550 763 3613 per
799 3527 926 3592 dictum
957 3496 1395 3602 commissariumfsssslffnilmd

185 3631 335 3698 iacienda
376 3631 412 3694 in
438 3630 509 3696 loeo
531 3631 738 3717 competenti,
765 3630 846 3698 alibi
869 3652 969 3716 quam
993 3631 1029 3694 in
1052 3637 1165 3695 nostra
1184 3651 1234 3694 ec·
1247 3685 1271 3731 A
1273 3685 1331 3732 dem
1412 3697 1414 3704 ,

186 3734 287 3799 clasis
327 3731 518 3797 cathedrali.
571 3732 704 3810 Verum,
728 3733 806 3818 quia
844 3734 885 3798 de
922 3734 983 3797 tali
1006 3733 1233 3797 commissione
1247 3750 1360 3806 Orraon,

186 3834 291 3910 nobis,
315 3853 456 3917 quorum
478 3832 666 3917 specialiter
684 3834 833 3911 interest,
856 3834 1016 3905 hactenus
1031 3832 1134 3899 nichil
1157 3815 1394 3929 eon-fflfgsse

186 3936 309 4012 stabat,
332 3957 392 4000 nec
422 3934 530 4000 adhuc
565 3941 695 4000 constat
721 3937 756 3999 in
782 3937 946 4022 praesenti,
974 3943 1007 4000 et
1042 3936 1077 3999 in
1124 3936 1233 4000 dubiis
1246 3916 1407 4026 nrieeneeol

185 4046 221 4105 et
242 4038 377 4110 incertis
414 4038 607 4123 frequenter
652 4038 782 4104 fallitur
829 4039 1015 4130 humanum
1048 4039 1233 4116 arbitrium,
1245 4011 1372 4128 {mn

186 4140 375 4226 hujusmodi
408 4140 630 4204 commissioni
661 4141 743 4206 dieti
766 4141 870 4226 patris
892 4162 959 4205 non
982 4140 1076 4205 decet
1098 4162 1157 4206 nec
1181 4162 1237 4204 ex·

186 4243 283 4330 pedit
315 4247 465 4307 nostrum
511 4265 703 4328 expressum
742 4244 889 4328 praebere
926 4264 1128 4320 consensum,
1173 4243 1238 4306 nisi

188 4345 281 4430 prius
308 4343 349 4409 de
381 4344 492 4408 eadem
522 4346 763 4433 ¹commissione
785 4344 882 4410 nobis
909 4344 997 4410 facta
1017 4345 1119 4411 fuerit
1141 4345 1240 4431 plena

187 4446 280 4512 fides.
325 4445 525 4511 Deliberetis
548 4448 652 4533 igitur
674 4448 805 4534 plenius
832 4469 930 4532 super
952 4449 1135 4532 praemissis,
1159 4447 1240 4532 quid

186 4547 224 4611 in
239 4547 301 4614 hae
323 4554 418 4634 parte
433 4549 572 4614 ulterius
602 4551 648 4614 sit
669 4550 843 4635 agendum.
891 4548 1010 4615 Valeat
1032 4553 1066 4613 et
1086 4571 1239 4636 prospere

1262 2480 1292 2529 1..
1307 2483 1353 2530 155
1366 2493 1391 2528 α.

596 4799 604 4831 ¹
622 4802 708 4850 Adam
721 4803 836 4856 Orleton.
