3309 5859
466 894 468 897 Ι
560 948 853 1002 murnenrmrsns.
1101 967 1104 974 ·
1164 935 1230 1000 239

182 1127 313 1210 oportet
340 1144 402 1192 nos
432 1125 521 1211 quod
549 1129 653 1192 testes
682 1123 790 1190 nostri
820 1121 988 1190 declarent
1017 1141 1164 1206 eaquae
1194 1109 1391 1228 insti-‘¹552'int

182 1226 281 1292 dictis
317 1226 467 1292 articulis
500 1227 537 1290 in
573 1249 693 1314 genere
730 1224 969 1304 continentum
1006 1221 1171 1298 videlicet,
1203 1221 1232 1285 si
1245 1194 1357 1323 {gnatae
1393 1205 1402 1219 ⁸
1453 1285 1457 1294 ,

182 1348 315 1407 annum,
355 1329 451 1406 diem,
484 1330 610 1408 horam,
642 1330 760 1405 locum,
794 1332 829 1393 et
866 1347 1042 1391 numerum
1082 1344 1231 1390 acrarum
1244 1312 1396 1430 ffilflffi'gp

183 1433 424 1519 possessionum
454 1438 642 1499 nostrarum
671 1431 834 1498 sterilium
865 1435 1019 1517 oporteat
1057 1429 1232 1506 declarare,
1246 1444 1387 1496 oversur'ot.

184 1535 239 1600 vel
271 1535 380 1604 aliam,
402 1536 673 1622 qualemcumque
703 1534 959 1602 declarationem
991 1532 1098 1598 facere
1133 1533 1235 1617 speci-

184 1636 278 1702 alem.
338 1637 384 1701 Et
414 1637 607 1723 hujusmodi
643 1636 799 1703 articulos
837 1639 976 1711 nostros,
1017 1629 1101 1718 quos
1139 1633 1235 1697 vobis
1354 1721 1356 1726 Ι

185 1741 390 1807 remittimus
418 1741 637 1828 corrigendos,
666 1740 780 1806 velitis
809 1738 998 1825 sumptibus
1029 1737 1153 1803 nostris
1183 1757 1233 1801 re-

186 1844 298 1929 digere
327 1844 365 1908 in
398 1843 537 1909 formam
569 1842 715 1908 debitam
745 1847 780 1908 et
813 1846 1065 1927 competentem,
1097 1827 1236 1904 venera-

188 1945 249 2010 bili
280 1946 370 2031 patri
392 1945 536 2010 Domino
563 1944 711 2010 Roffeusi
741 1944 904 2029 Episcopo
935 1943 1044 2007 suisve
1076 1941 1236 2008 Commis-

188 2047 283 2112 sariis
313 2047 500 2126 medendos,
530 2048 574 2112 ad
603 2047 755 2112 effectum
786 2046 1066 2132 appropriationis
1095 2045 1237 2112 ecclesiae

188 2148 230 2212 de
252 2148 460 2215 Westerham
494 2150 702 2235 supradictae.
759 2147 886 2212 Valete.
943 2147 1114 2232 Scriptum
1149 2147 1239 2232 apud

188 2251 437 2328 Godmersham,
459 2252 574 2337 xxvjto
596 2251 651 2316 die
675 2249 887 2336 Septembris.
943 2249 1124 2334 Nunquam
1149 2245 1238 2315 enim

189 2353 259 2417 fuit
282 2355 392 2419 visum
415 2375 478 2420 nec
498 2354 653 2418 auditum
675 2353 773 2439 quod,
794 2353 832 2416 in
854 2373 933 2418 casu
955 2353 1239 2439 appropriationis

189 2456 345 2534 ecclesiae,
371 2457 422 2524 ite
453 2457 569 2524 stricte
600 2460 636 2521 et
668 2455 774 2541 rigide
808 2461 925 2521 contra
955 2459 1059 2521 testes
1086 2457 1240 2543 procede-

189 2562 288 2625 retur.

338 2829 514 2897 rsa-Da
535 2847 644 2897 srrru
666 2829 804 2898 Taoun
826 2848 873 2896 os
896 2831 1089 2900 Surorum.
1276 2812 1378 2942 figg-

234 2996 392 3063 Salutem.
448 2997 536 3078 Quia
567 3019 674 3083 nuper
707 2997 868 3076 intellexi,
903 3000 992 3090 quod
1026 3000 1161 3086 quidam
1189 2997 1238 3064 bi·
1251 2993 1282 3046 L
1295 2993 1375 3046 1⁵4&

190 3100 330 3187 lingwes
352 3100 535 3166 venerabili
557 3102 646 3187 patri
678 3100 822 3166 Domino
857 3105 971 3166 nostro
1005 3100 1238 3168 Cantuarieusi
1252 3110 1394 3161 ThePfior

193 3203 409 3290 pertinaciter
446 3207 695 3289 suggesserrmt,
726 3203 815 3289 quod
845 3208 969 3270 secreta
1007 3205 1142 3270 consilia
1179 3228 1239 3272 sua
1252 3179 1401 3295 fflffl}

191 3305 292 3372 michi
306 3305 478 3372 notificata
492 3305 566 3370 aliis
596 3305 758 3370 malitiose
785 3305 932 3378 revelavi
945 3329 954 3386 ;
977 3311 1012 3372 et
1034 3307 1108 3372 ideo
1132 3308 1239 3375 dictus
1252 3281 1411 3388 rubellas,

192 3413 287 3495 pater
309 3413 420 3494 posset
440 3429 503 3484 mc,
525 3411 660 3493 propter
690 3405 883 3492 hujusmodi
914 3413 1148 3494 contemptum,
1171 3433 1239 3476 me·
1252 3379 1410 3496 {affin

193 3513 259 3577 rito
280 3511 427 3599 graviter
448 3510 584 3596 punire;
614 3510 697 3576 scire
718 3531 778 3576 vos
800 3511 886 3588 volo,
909 3515 943 3576 et
974 3510 1055 3576 alios
1079 3510 1366 3599 quoscun-‚l’sslwr'⁸

194 3636 257 3700 qne
282 3634 422 3699 quorum
453 3613 600 3689 interest,
624 3612 712 3698 quod
737 3604 873 3698 paratus
896 3635 978 3691 sum,
1002 3635 1110 3682 coram
1128 3616 1241 3701 judice
1253 3579 1318 3695 iffi
1319 3578 1402 3697 Ἡ

191 3717 401 3803 competenti,
423 3705 539 3781 audire
561 3716 772 3801 probationes
794 3716 941 3802 ipsorum
964 3719 1022 3804 qui
1054 3720 1137 3786 talia
1165 3742 1242 3787 con-
1254 3714 1347 3829 ἔξω

193 3826 246 3885 tra
266 3840 320 3884 me
351 3818 489 3906 probare
523 3817 714 3899 voluerint;
745 3817 848 3884 salvis
878 3819 980 3884 michi
1001 3821 1162 3908 legitimis
1184 3846 1242 3889 ex·
1254 3794 1375 3896 mffi.

191 3921 401 4009 captionibus
422 3920 504 3985 meis
526 3924 642 3986 contra
663 3921 760 4007 ipsos,
782 3926 817 3986 et
840 3942 953 3988 eorum
976 3927 1087 4003 testes,
1102 3929 1137 3990 et
1160 3926 1242 3992 alios
1254 3911 1398 4045 fflssiyn}

193 4046 403 4112 quoscunque
436 4022 627 4110 hujusmodi
661 4023 833 4110 negotium
865 4026 1078 4092 criminosum
1113 4049 1242 4114 promo·
1255 4045 1356 4110 ingthe

194 4133 320 4208 ventes,
343 4129 565 4213 procurantes,
581 4130 616 4190 et
637 4133 882 4212 prosequentes.
928 4128 973 4193 Et
996 4129 1132 4215 expedit
1154 4132 1243 4216 quod
1254 4112 1364 4242 ffifs

194 4228 433 4318 praemuniatis,
456 4249 515 4293 seu
537 4228 730 4314 praemuniri
764 4229 902 4307 faciatis,
926 4229 1001 4295 illos
1036 4233 1094 4317 qui
1128 4233 1244 4319 hujus·
1258 4248 1369 4296 counael.

195 4332 285 4396 modi
306 4330 427 4395 falsum
449 4330 575 4394 crimen
598 4328 699 4394 michi
715 4329 881 4396 malitiose
895 4331 1133 4417 imposuerunt,
1156 4335 1244 4420 quod
1257 4311 1385 4443 {afflat

195 4456 217 4500 a
250 4433 416 4499 sententia
448 4431 583 4518 majoris
617 4433 975 4512 excommunicationis,
998 4457 1063 4520 qua
1086 4459 1126 4501 ea
1155 4459 1245 4504 occa-
1256 4446 1299 4495 the
1310 4445 1415 4510 fugitive

196 4535 288 4600 sione
321 4534 478 4620 ligantur,
500 4533 626 4598 faciant
660 4555 694 4598 se
724 4533 864 4599 absolvi.
909 4533 960 4600 De
993 4540 1084 4601 statu
1118 4538 1245 4604 Fratris
1257 4513 1408 4629 ffiffil

196 4636 332 4702 'lhomae
354 4638 396 4702 de
419 4635 605 4714 Sandwico,
637 4636 666 4700 si
700 4637 824 4701 reverti
858 4636 1005 4702 voluerit
1038 4641 1081 4704 ad
1116 4662 1246 4708 monas-
1259 4654 1416 4710 easyterms.

196 4741 329 4820 terium,
369 4739 581 4806 ordinabitur
618 4739 735 4805 mitius
769 4760 835 4825 quo
881 4741 1127 4808 rationabiliter
1174 4745 1248 4812 fieri

197 4843 345 4931 poterit;
374 4841 478 4909 salvis
500 4840 606 4931 ¹Beati
636 4840 811 4908 Benedicti
835 4841 1043 4929 regularibus
1074 4846 1249 4915 institutis.
