3309 5859
475 881 538 946 342
929 893 1063 944 usuam

475 1090 545 1149 ost:
578 1083 789 1170 Bomsooioa,
813 1091 867 1162 etc.
897 1085 1273 1162 Wesiomoosterienae',
1307 1082 1350 1149 de
1380 1081 1522 1154 walum

475 1193 503 1250 el
536 1185 576 1250 cle
599 1186 722 1252 Surscto
757 1185 945 1252 Edmuodo
968 1187 1172 1266 Abbatibus,
1201 1195 1267 1253 eto.
1321 1187 1414 1252 Sane
1431 1185 1522 1271 pult„

474 1287 678 1354 Monosterii
701 1287 821 1353 Seresti
843 1289 1047 1374 Arcpmtioi,
1070 1289 1174 1356 nobile
1205 1287 1379 1362 exhibito,
1401 1286 1522 1350 coatia»-

474 1389 538 1468 tat,
561 1389 659 1475 quod,
683 1389 756 1456 licet
780 1413 897 1456 eorum
919 1391 1178 1459 omoustm'um
1205 1415 1233 1457 a
1255 1388 1445 1477 principio
1459 1386 1522 1472 jou·

473 1487 626 1558 ‹luliouis
648 1491 762 1577 ipsius
776 1515 856 1557 oum
871 1493 1030 1559 monibus
1044 1494 1216 1559 membris
1232 1492 1318 1559 suis
1334 1488 1522 1557 asiriacum

466 1595 543 1682 fuit
565 1602 761 1680 eucarpium,
782 1617 845 1680 por
867 1595 1030 1682 medalio
1048 1597 1255 1684 priuilepia
1279 1595 1389 1662 Sedis
1409 1595 1521 1679 Aptale

473 1695 556 1774 licm,
572 1719 595 1760 u
612 1694 856 1780 juriolieto’ooe
878 1697 1023 1783 qualilnt
1047 1699 1256 1777 ordinario,
1277 1703 1392 1783 prout
1414 1694 1522 1760 millu-

473 1801 544 1864 iius
570 1802 608 1864 io
634 1799 718 1886 ipsis
750 1800 946 1884 priuilepr'ia
977 1801 1182 1879 conii-netur,
1209 1810 1274 1866 etc.
1301 1822 1382 1886 quae
1414 1798 1520 1883 quidem

472 1903 637 1987 suggestio
669 1902 814 1966 creditur
847 1928 916 1966 asse
949 1926 1054 1983 vann3
1082 1905 1163 1989 quia
1185 1903 1421 1969 Ethclbcrtus
1442 1921 1521 1984 quon·

471 2005 547 2068 dam
572 2005 642 2068 Rex
667 2003 887 2068 Orientalium
912 2005 1082 2070 Saxonum
1105 2007 1255 2092 Angliae,
1273 2007 1323 2070 ad
1348 2002 1518 2068 instantiam

471 2106 566 2170 Beati
605 2107 784 2190 Augustini
819 2109 919 2194 primi
955 2108 1235 2195 (archiepiscopi)
1283 2104 1520 2173 Cantuarieusis

472 2209 597 2272 dictum
621 2208 857 2272 monasterium
889 2211 1004 2296 primo,
1039 2210 1075 2273 in
1108 2210 1276 2276 honorem
1301 2207 1517 2295 Apostolorum

472 2311 565 2376 Petri
590 2318 623 2375 ct
645 2310 750 2387 Pauli,
774 2312 939 2389 fundavit,
964 2319 999 2378 et
1025 2314 1193 2379 ecclesiam
1217 2314 1355 2378 ibidem
1380 2310 1517 2376 aedffiem

472 2413 604 2498 incepit,
627 2419 660 2476 et
687 2415 788 2498 (eam)
812 2415 1025 2498 postmodum
1048 2415 1174 2480 Beatus
1207 2414 1429 2503 Augustinus
1457 2429 1514 2473 con·

471 2517 657 2582 summovit.
705 2517 834 2582 Deinde
872 2518 1015 2584 Sanctus
1048 2517 1250 2584 Laurentius
1281 2511 1514 2585 Cantuariensis

470 2619 749 2704 Archiepiscopus,
767 2619 977 2685 immediatus
999 2642 1162 2686 successor
1185 2622 1306 2708 ipsius,
1323 2619 1511 2684 inhonorem

474 2721 707 2806 Apostolorum
732 2721 820 2786 Petri
845 2729 878 2787 et
902 2722 996 2787 Pauli
1019 2729 1053 2787 et
1076 2723 1173 2790 Beati
1196 2723 1389 2811 Augustini
1410 2717 1512 2802 Anglo

472 2845 546 2888 rum
577 2823 739 2908 Apostoli,
772 2824 897 2890 dictam
928 2824 1097 2891 ecclesiam
1128 2828 1350 2892 consecravit.
1398 2823 1440 2886 Et
1466 2841 1509 2881 cx·

472 2933 559 3002 tune,
583 2947 642 3011 por
671 2925 852 2990 multorum
874 2948 1038 2992 annorum
1060 2929 1232 3006 curricula,
1249 2949 1357 3015 usque
1380 2925 1422 2990 ad
1442 2929 1507 2987 ton·

476 3049 559 3114 pora
578 3033 700 3092 sanctus
723 3027 960 3092 recordationis
983 3028 1168 3105 Lanfranci‚
1193 3028 1361 3105 Anselmi,
1385 3021 1505 3092 Radulfi¹

473 3130 640 3206 Willclmi,
664 3130 846 3195 Theobaldi
869 3130 1199 3219 Archiepiscoporum
1223 3128 1504 3198 cantuariensium,

474 3256 585 3298 omnes
609 3233 704 3298 electi
727 3235 763 3296 in
785 3234 933 3298 Abbates
955 3236 1146 3300 monasterii
1169 3235 1286 3300 Sancti
1309 3229 1504 3319 augustinia

298 3335 458 3450 ῗξξθρνὲἓ-
475 3337 613 3401 diversis
635 3335 898 3422 Archicpiscopis
922 3336 1216 3403 cantuariensibus
1238 3333 1422 3403 confirmati
1449 3331 1503 3393 lue·

390 3437 397 3460 '
448 3437 563 3514 'runt
586 3444 620 3502 et
642 3438 814 3514 benedicti,
831 3439 918 3503 sicut
940 3439 998 3502 alii
1029 3440 1166 3504 abbates
1201 3440 1357 3504 Ecclesiae
1379 3436 1500 3502 Cantus·

474 3541 575 3605 riansi
597 3540 755 3625 subjecti;
788 3547 822 3604 et
844 3541 1077 3627 professionem
1100 3548 1134 3607 ct
1157 3543 1348 3607 canonicam
1371 3536 1500 3605 obedien·

474 3645 557 3708 tiam
581 3643 730 3708 iecerunt
753 3643 875 3707 eisdem
907 3643 1263 3730 A1·ehiepiscopis,sub
1294 3651 1385 3710 certa
1415 3639 1499 3703 forma

477 3747 657 3825 verborum,
682 3767 781 3831 quam
804 3746 899 3810 vobis
921 3746 1087 3810 mittimus
1111 3747 1146 3811 in
1168 3747 1285 3812 cedula
1307 3741 1497 3834 praesentibus

298 3837 460 3900 seeAppen-
475 3847 633 3912 involuta.
680 3848 786 3927 Quam
809 3848 943 3934 quidem
967 3848 1107 3914 formam
1136 3849 1315 3913 verborum
1336 3868 1435 3932 nuper
1458 3841 1498 3902 in·

296 3906 341 3954 mx
354 3911 412 3953 m
474 3953 624 4016 venimus
641 3951 676 4015 in
691 3951 812 4015 nostris
835 3952 992 4037 registris,
1015 3953 1158 4038 propriis
1181 3953 1336 4018 manibus
1358 3954 1494 4017 dictorum

471 4053 642 4120 Abbatum
680 4054 917 4139 conscriptam
955 4055 1044 4120 unde
1076 4054 1184 4140 liquet
1216 4056 1398 4130 manifeste,
1425 4043 1494 4134 q1¹0<l

470 4157 595 4222 dictum
619 4155 855 4219 monasterium
877 4179 897 4219 a
922 4157 1084 4242 principio
1106 4157 1312 4221 fundationis
1335 4157 1430 4242 ipsius
1440 4166 1492 4213 non

469 4258 534 4323 fuit
565 4264 756 4344 exemptum
779 4257 821 4322 ab
846 4259 935 4322 omni
958 4259 1126 4323 ordinaria
1144 4258 1383 4344 jurisdictione
1425 4253 1493 4317 Pre-

469 4367 568 4430 missa
604 4365 851 4430 communicetis
890 4365 1013 4430 talibus
1048 4365 1105 4452 qui
1143 4366 1294 4452 prodesse
1332 4364 1439 4429 volunt
1466 4359 1491 4418 et

469 4472 637 4555 poterunt,
652 4488 720 4532 non
743 4468 864 4533 obesse.
911 4467 1060 4534 Scientes
1074 4469 1163 4554 quod
1185 4466 1329 4534 Ecclesia
1342 4487 1412 4552 quae
1424 4475 1493 4525 nunt

470 4571 592 4636 dicitur
617 4569 877 4647 Cantuariensis,
893 4575 974 4636 tunc
995 4571 1153 4657 temporis
1174 4569 1354 4635 vocabatur
1375 4560 1492 4632 Eadm
1538 4638 1541 4644 ¹
1584 4608 1586 4612 ι

469 4672 735 4738 Dorobemensis.
774 4670 892 4738 Valete
907 4671 944 4736 in
961 4671 1093 4738 Christo
1116 4692 1255 4757 persuae
1268 4670 1383 4736 matris
1397 4663 1491 4733 merila

469 4777 617 4863 gloriosa.
663 4775 788 4841 Datum
804 4775 929 4862 Vigilia
951 4774 1084 4843 Natalis
1105 4775 1246 4852 Domini,
1261 4795 1349 4841 anno
1370 4770 1489 4859 ejusdcm

470 4891 722 4946 M⁰CCC¹¹¹⁰XXX⁰.
