3309 5859
543 906 839 961 cnuwssmusus.
1181 894 1224 957 15

170 1084 278 1151 clesiae
300 1088 420 1151 vestrm
453 1082 704 1153 Oentusriensis
726 1083 764 1150 in
786 1081 945 1151 omnibus
967 1101 1095 1172 semper
1117 1081 1226 1153 salvis.

173 1188 214 1255 In
235 1186 329 1275 cujus
351 1188 409 1269 rei,
432 1191 491 1255 etc
538 1187 618 1255 Det.
642 1185 748 1265 Ceut,
772 1190 834 1255 etc

173 1489 408 1577 1⁷.-[r01un
440 1502 512 1568 ovs
546 1504 685 1555 umuun
706 1504 747 1556 1u
770 1474 1365 1556 Msuumss1crnNsr1vo·S·²⁰⁸⁶·

526 1606 603 1657 suu
626 1592 859 1677 scemenum]

215 1754 390 1822 Universis
424 1754 551 1823 OErristi
586 1754 739 1823 fidelibus
772 1756 815 1822 ed
849 1776 932 1841 quos
967 1751 1366 1842 praesentassemus

173 1863 252 1923 teres
283 1862 404 1923 nostroe
437 1856 659 1944 pervenerint,
689 1856 832 1937 Thomas
866 1854 1079 1944 permissione
1110 1842 1380 1957 divinellfflssi*

173 1961 267 2026 Prior
298 1960 461 2027 Ecclesiae
496 1958 624 2026 Christi
659 1960 912 2026 Centueriensis
935 1966 970 2025 et
992 1959 1140 2045 ejusdem
1162 1961 1226 2027 loci
1239 1926 1374 2028 ilicinis.

172 2062 375 2149 Capitulum,
398 2062 540 2128 sulutem
565 2063 600 2127 in
625 2062 770 2128 Domino
794 2062 1037 2149 sempiternam.
1084 2063 1227 2129 Noverit

171 2166 374 2233 universitas
406 2170 527 2244 vestre,
559 2186 631 2245 nos,
664 2164 705 2229 de
738 2165 862 2231 nostris
885 2165 1036 2229 unanimi
1066 2186 1227 2231 consensu

171 2270 297 2356 puriter
317 2276 351 2336 et
373 2292 517 2349 assensu,
539 2269 772 2335 manumisisse
795 2274 829 2335 et
852 2268 995 2335 liberum
1009 2268 1123 2335 fecisse
1138 2270 1175 2338 Τ.
1192 2268 1227 2336 (l.

171 2371 280 2436 filium
303 2371 334 2439 J.
357 2370 402 2449 0.,
424 2372 578 2438 nativum
609 2377 760 2437 nostrum
791 2371 834 2437 de
865 2371 1012 2438 dominio
1042 2376 1155 2437 nostro
1187 2372 1228 2437 de

173 2474 212 2539 R.
246 2474 281 2537 in
314 2475 475 2541 comitutu
498 2474 545 2551 B.,
568 2495 644 2539 cum
667 2478 740 2539 tote
761 2474 895 2559 sequela
917 2495 978 2540 sne
1000 2479 1172 2561 procreate
1193 2478 1229 2539 et

172 2576 383 2664 procreanda,
422 2582 457 2643 et
487 2597 562 2642 cum
598 2576 751 2643 omnibus
788 2576 885 2642 bonis
922 2582 957 2642 et
994 2576 1122 2643 catellis
1159 2576 1227 2641 suis

171 2679 299 2745 habitis
321 2685 356 2746 e't
369 2679 532 2745 habendis
545 2702 553 2761 ;
575 2680 624 2745 its
639 2680 728 2766 quod
751 2700 812 2745 nos
827 2700 890 2746 nec
904 2700 1106 2747 successores
1120 2681 1229 2747 nostri

173 2782 301 2869 aliquid
318 2782 405 2869 juris
427 2783 481 2849 vel
503 2782 613 2849 clemii
636 2783 673 2847 in
688 2782 760 2869 ipso
775 2781 912 2860 Thomu,
935 2804 996 2849 nec
1019 2781 1153 2870 sequela
1167 2804 1228 2849 sue

172 2889 344 2971 procreate
380 2906 438 2951 seu
475 2884 685 2971 procreando,
708 2883 762 2949 vel
800 2884 929 2951 catellis
960 2884 1056 2961 suis)
1071 2890 1112 2950 ut
1141 2906 1227 2971 prse-

173 2986 331 3068 mittitur,
355 2988 484 3054 retione
507 3010 566 3054 seu
588 2987 757 3055 occasione
788 2988 978 3053 nativitatis
991 2976 996 2983 ’
1010 2988 1141 3076 exigere
1174 2987 1227 3054 vel

173 3076 350 3156 vendicere
372 3090 554 3178 poterimus
569 3090 605 3155 in
627 3090 751 3156 futuro.
799 3088 866 3157 sed
888 3090 999 3178 ipsum
1022 3090 1057 3159 T.
1082 3090 1130 3169 0.,
1152 3111 1228 3157 cum

173 3196 249 3259 tote
271 3192 404 3279 sequela
425 3198 595 3280 procreate
617 3198 651 3259 et
665 3193 875 3279 procreando,
892 3214 931 3259 ec
945 3193 1041 3260 bonis
1055 3192 1229 3260 etcetellis

173 3297 252 3377 suis,
283 3302 323 3361 ut
352 3296 543 3384 praefertur,
567 3295 611 3363 sb
642 3296 733 3362 omni
756 3316 856 3361 onere
887 3301 923 3363 et
952 3294 1034 3383 jugo
1058 3296 1229 3361 servitutis

115 3459 118 3465 .
173 3398 327 3477 liberum,
361 3406 395 3465 et
418 3400 578 3486 quietum,
601 3404 636 3464 et
658 3398 848 3465 ebsolutum
879 3419 949 3464 esse
975 3398 1229 3485 imperpetuum,

172 3502 327 3569 volumus
350 3508 385 3569 et
416 3502 624 3571 concedimus
656 3523 715 3589 per
747 3506 937 3588 presentes
982 3501 1026 3568 In
1048 3502 1145 3589 cujus
1178 3502 1227 3567 rei

173 3606 403 3673 testimonium
443 3604 593 3693 sigillum
624 3609 777 3671 nostrum
808 3625 982 3671 commune
1012 3603 1230 3691 praesentibus

174 3716 228 3776 est
259 3731 452 3796 appensum.
500 3708 591 3778 Dete
625 3709 663 3774 in
694 3708 794 3775 domo
826 3714 942 3777 nostre
965 3707 1153 3797 Cepituleri
1176 3707 1230 3774 die

174 3811 248 3891 tuli,
264 3816 323 3879 etc

178 4112 421 4201 lte-[Forum
452 4110 707 4178 Gomrrssmrrs
745 4110 977 4177 Fruunosvu
999 4111 1228 4201 rosrsosuu]

466 4240 516 4291 sn
538 4224 750 4291 Furnsvssn
774 4224 955 4302 Cosmum

1242 4304 1370 4358 romule„

1243 4398 1301 4449 'I'he
1311 4398 1380 4448 form

225 4423 392 4491 Noverint
412 4421 563 4489 universi
586 4440 646 4508 per
670 4426 849 4509 presentes
881 4442 941 4487 nos
963 4421 998 4487 J.
1020 4420 1231 4489 miseratione
1243 4467 1279 4531 by
1290 4464 1374 4516 which

179 4530 297 4597 divina
311 4529 460 4595 Priorem
483 4524 638 4593 Ecclesiae
660 4522 786 4590 Christi
810 4523 1063 4593 Ountueriensis
1088 4533 1124 4593 et
1145 4526 1353 4613 ejus-thely-

178 4632 255 4699 dem
269 4632 334 4699 loci
351 4629 545 4718 Capitulum
560 4628 757 4715 concessisse
773 4627 896 4694 dilecto
910 4633 946 4694 et
960 4628 1052 4695 fideli
1073 4631 1232 4697 servienti
1245 4608 1367 4717 {mors

178 4741 294 4802 nostro
318 4734 357 4801 R
379 4733 416 4799 B.
439 4732 481 4799 de
503 4730 548 4810 0,
564 4751 623 4818 pro
644 4730 731 4796 bono
754 4735 790 4796 et
810 4728 972 4819 laudabili
995 4732 1151 4821 obsequio
1173 4733 1395 4800 squ⁰¹¹⁸⁸2⁶rr

179 4837 280 4905 nobis
328 4840 363 4901 et
404 4832 560 4902 Ecclesiae
610 4835 735 4898 uostrae
785 4830 949 4901 hactenus
1002 4834 1155 4921 impenso
1198 4814 1369 4933 etim}
