3309 5859
405 892 424 951 4
830 908 959 957 arreum

238 1083 395 1171 qpiringthe
408 1076 537 1142 dilectis
569 1078 604 1141 in
640 1078 774 1145 Christo
806 1078 884 1145 filiis
909 1080 1015 1146 Priori
1047 1087 1083 1146 et
1114 1080 1272 1167 Capitulo
1305 1080 1465 1147 Ecclesiae

239 1156 397 1283 mn?
411 1184 532 1243 nostrae
574 1178 835 1259 Cantuariensis,
867 1182 1018 1259 salutem,
1056 1182 1202 1269 gratiam
1236 1187 1272 1247 ct
1309 1180 1465 1247 benedic·

242 1284 382 1375 trespa-
414 1282 546 1347 tionem.
602 1281 695 1347 Inter
726 1288 851 1349 ceteras
884 1284 1060 1369 pastoralis
1093 1283 1192 1351 officii
1224 1282 1466 1349 sollicitudines

244 1352 384 1467 ξ’,ξξζξέῃ
414 1405 486 1449 eam
510 1383 579 1449 fore
613 1384 815 1472 praecipuam
850 1386 1060 1464 arbitramus,
1083 1393 1124 1453 ut
1145 1386 1238 1474 gregi
1260 1386 1357 1452 nobis
1379 1407 1467 1452 com·

416 1486 514 1552 misso
536 1486 685 1553 debitum
710 1489 914 1555 visitationis
939 1488 1082 1556 officium
1104 1489 1358 1576 impendamus;
1380 1494 1466 1555 cete-

415 1610 562 1674 ramque,
600 1595 639 1654 ut
676 1590 781 1655 tradit
813 1590 901 1677 juris
938 1592 1130 1668 auctoritas,
1151 1612 1173 1657 a
1209 1592 1320 1678 capite
1358 1589 1465 1677 primo

415 1690 542 1756 edenda
575 1696 627 1757 est
657 1692 751 1769 ratio,
774 1697 809 1757 et
841 1693 1022 1758 secundum
1057 1692 1229 1759 canonicas
1261 1692 1465 1758 sanctiones:

415 1790 762 1878 qaiolioaiateadit
788 1792 1345 1880 mmigerepriusraccesaciobct
1374 1815 1407 1860 ac
1436 1798 1466 1857 at

414 1914 491 1961 euos
516 1893 620 1959 (abac
652 1892 846 1981 reformare,
881 1895 1045 1963 dictarum
1077 1896 1189 1982 legum
1222 1901 1259 1961 et
1292 1916 1465 1971 canonum,

414 2001 666 2081 sanctorumque
689 2001 823 2081 patrum
857 2002 995 2074 statuta,
1018 1998 1055 2061 in
1079 1998 1139 2063 irae
1164 2003 1260 2082 parte
1290 2002 1464 2072 sectanms.

412 2118 451 2163 ac
482 2104 628 2163 nostram
667 2096 943 2165 Cantuariensem
981 2098 1197 2185 provinciam,
1230 2098 1309 2183 jure
1346 2104 1465 2163 metro-

411 2200 555 2287 politica
578 2206 618 2265 ut
649 2206 811 2277 tenemur,
846 2201 917 2267 Deo
948 2202 1102 2288 propitio,
1136 2202 1276 2267 visitare
1307 2201 1465 2277 volentes,

412 2304 637 2369 visitationem
670 2309 818 2369 nostram
852 2303 1055 2390 hujusmodi,
1078 2306 1122 2371 ad
1143 2302 1208 2369 Dei
1231 2303 1376 2381 laudem,
1402 2304 1466 2369 cri·

412 2406 539 2471 minum
578 2402 824 2483 correctionem,
862 2409 898 2470 ot
942 2427 1072 2473 morum
1105 2406 1385 2483 reformationem,
1429 2406 1467 2469 in
1530 2418 1540 2427 ·

413 2506 559 2573 Ecclesia
593 2511 705 2571 nostra
730 2506 965 2574 Oantuariensi
988 2506 1205 2594 personaliter
1225 2507 1384 2572 duximus
1415 2508 1467 2570 in·

411 2607 601 2711 choandam.
647 2609 774 2675 Tenore
801 2610 907 2695 igitur
929 2610 1144 2695 praesentium
1168 2609 1391 2696 peremptorie
1405 2630 1467 2674 vos

411 2712 560 2789 citamus,
584 2722 619 2775 et
653 2733 711 2797 per
743 2733 802 2777 vos
838 2732 953 2777 omnes
975 2718 1010 2777 et
1033 2712 1182 2797 singulos
1214 2710 1467 2777 commonachos

411 2819 446 2879 et
468 2813 647 2879 confratres
679 2820 813 2880 nostrae
838 2813 1088 2880 Cautuariensis
1124 2813 1278 2903 Ecclesiae
1301 2813 1361 2899 qui
1390 2834 1468 2877 nos-

412 2924 474 2981 trae
506 2916 692 2983 visitationi
716 2915 909 3001 hujusmodi
941 2916 1100 2981 interesse
1123 2915 1302 2993 debebunt,
1326 2914 1369 2979 de
1390 2935 1467 2980 oon·

411 3020 587 3086 suetudine
625 3019 678 3084 val
716 3020 756 3085 de
790 3018 877 3105 jure,
915 3040 974 3105 per
1011 3041 1073 3085 vos
1110 3018 1331 3105 peremptorie
1369 3018 1467 3083 citari

412 3122 581 3199 volumus,
613 3126 648 3185 et
678 3120 874 3187 mandamus
897 3123 1055 3207 quatinus
1101 3172 1108 3186 .
1155 3170 1162 3181 .
1209 3172 1216 3186 .
1263 3120 1319 3185 dic
1341 3120 1466 3185 mensis

412 3274 418 3287 .
465 3274 473 3289 .
518 3275 525 3287 .
570 3222 753 3308 ‚proximo
777 3223 901 3301 futuro,
923 3244 999 3289 cum
1022 3223 1274 3289 continuatione
1296 3226 1331 3287 et
1353 3243 1465 3307 proro-

325 3322 328 3331 ’
411 3326 544 3411 gatione
578 3324 704 3390 dierum
739 3330 820 3390 tunc
854 3326 1074 3411 sequentium,
1097 3326 1133 3389 in
1157 3325 1255 3391 domo
1287 3324 1467 3409 capitulari

411 3426 558 3512 praefate
589 3432 710 3492 nostrae
734 3427 891 3493 Ecclesiae
926 3427 1152 3513 compareatis,
1186 3432 1222 3492 et
1254 3431 1466 3511 compareant

412 3528 629 3613 personaliter
660 3548 769 3593 coram
802 3528 910 3606 nobis,
933 3527 996 3605 vel,
1022 3528 1052 3593 si
1084 3527 1259 3613 praepediti
1292 3526 1465 3603 fuerimus,

412 3662 520 3707 coram
553 3641 673 3705 nostris
705 3640 956 3720 Commissariis,
993 3642 1222 3707 visitationem
1261 3640 1464 3727 hujusmodi,

408 3744 509 3828 juxta
538 3742 626 3828 juris
648 3742 864 3828 exigentiam,
887 3743 1061 3809 humiliter
1093 3743 1249 3821 subituri,
1272 3743 1464 3829 factorique

412 3846 551 3911 ulterius
575 3852 608 3911 et
631 3847 796 3931 recepturi
812 3847 903 3932 quod
917 3848 1018 3913 sacris
1034 3848 1192 3913 convenit
1205 3846 1382 3911 institutis
1420 3845 1465 3910 Et

413 3948 492 4035 quid
508 3948 653 4015 feceritis
677 3949 712 4013 in
735 3950 934 4035 praemissis,
958 3972 1027 4027 uos,
1043 3950 1098 4016 vel
1121 3949 1373 4039 commissarios
1388 3969 1463 4014 nos·

412 4058 480 4116 tros
495 4050 693 4135 hujusmodi,
708 4050 807 4117 dictis
823 4051 877 4116 die
893 4058 927 4117 et
941 4052 1022 4130 loco,
1038 4074 1113 4117 cum
1128 4051 1320 4117 nominibus
1339 4058 1375 4117 et
1389 4072 1462 4137 cog-

412 4152 601 4218 nominibus
624 4153 773 4218 omnium
797 4161 832 4218 et
855 4154 1058 4239 singulorum
1085 4154 1144 4239 qui
1171 4154 1320 4240 praefatse
1342 4158 1463 4219 nostrae

412 4255 597 4321 visitationi
621 4254 777 4320 interesse
801 4260 968 4337 tenentur,
992 4256 1149 4323 distincte
1171 4259 1208 4321 et
1228 4260 1343 4341 aperte
1365 4256 1463 4322 certi·

412 4356 509 4422 ficare
546 4357 676 4434 curetiS,
723 4379 782 4443 per
819 4363 948 4423 vestras
986 4362 1140 4445 patentes
1174 4356 1305 4422 litteras
1343 4356 1463 4422 harum

413 4458 529 4523 seriem
551 4457 766 4536 continentes,
789 4458 898 4545 sigillo
920 4460 1088 4525 autentico
1110 4458 1326 4546 consignatas
1374 4457 1465 4526 Data

415 4558 450 4622 in
473 4560 618 4623 manerio
639 4565 753 4625 nostro
776 4558 816 4625 de
840 4560 1012 4637 Lamheth‚
1035 4560 1097 4625 sub
1130 4560 1240 4646 sigillo
1271 4564 1386 4625 nostro
1416 4558 1466 4626 od

415 4677 572 4733 caueae„
620 4708 626 4723 .
672 4712 678 4723 .
726 4710 733 4723 .
766 4659 820 4724 die
853 4661 975 4725 mensis
1009 4710 1017 4725 .
1062 4713 1068 4724 .
1117 4712 1124 4725 .
1170 4680 1290 4725 .anno
1324 4658 1464 4723 Domini

467 4809 473 4823 .
519 4809 526 4823 .
575 4772 608 4834 .⁰,
631 4765 666 4823 et
690 4768 819 4825 nostrae
844 4762 1075 4826 translacionis
1099 4782 1220 4825 anno.
1265 4811 1273 4826 .
1319 4811 1326 4826 .
1375 4775 1409 4827 .⁰.
