3309 5859
475 864 540 931 412
911 884 1046 935 ursan

304 1080 511 1145 t<>metuet
544 1076 602 1145 dea
633 1084 799 1147 oostumes
828 1086 936 1167 quant
966 1081 1009 1147 ils
1041 1080 1195 1147 ohoent
1269 1076 1346 1141 Pur
1377 1099 1461 1165 quey
1486 1101 1538 1143 rou

303 1146 432 1264 effi„
475 1179 609 1265 prioms,
623 1182 746 1248 sioome
760 1182 972 1269 nousiyoms
988 1183 1029 1249 de
1047 1206 1157 1259 vous,
1180 1187 1226 1247 et
1245 1202 1323 1267 pur
1337 1180 1466 1244 lamour
1478 1180 1539 1247 Seiu

303 1280 397 1345 aaa,
476 1280 627 1360 Thomas,
650 1305 692 1369 qe
723 1304 807 1350 vous
840 1305 924 1350 nous
959 1284 1080 1351 voillez
1115 1290 1229 1351 estre
1270 1302 1371 1367 amy,
1394 1304 1434 1367 qe
1462 1294 1539 1347 notre

301 1346 411 1465 iffi„
475 1383 565 1449 droit
586 1384 652 1451 soit
681 1385 774 1452 salvo
796 1386 929 1453 endroit
951 1388 991 1453 de
1015 1394 1106 1454 oeste
1146 1386 1351 1473 busoigne
1400 1384 1467 1449 Kar
1484 1407 1539 1449 noa,¹

472 1504 589 1551 avoms
618 1488 778 1567 entendu,
802 1510 863 1575 par
896 1510 959 1555 noz
993 1490 1190 1567 ministres,
1220 1510 1271 1575 qe
1300 1508 1391 1553 vous
1422 1489 1538 1553 meisne

471 1586 519 1653 les
541 1588 628 1655 diter
650 1588 765 1656 choses
786 1612 869 1657 avez
891 1600 995 1657 avaut
1025 1612 1078 1659 oes
1110 1594 1263 1659 houres
1302 1590 1431 1667 salves,
1452 1597 1482 1655 et
1498 1613 1538 1655 uu

470 1690 539 1755 dits
572 1691 741 1757 ministres
775 1714 889 1779 payoz,
912 1694 1011 1759 sioom
1045 1694 1110 1759 bon
1136 1716 1239 1781 amy
1267 1690 1330 1757 del
1357 1692 1497 1779 Esglise;
1517 1714 1538 1756 er

470 1790 594 1857 sitien
627 1794 694 1859 soit
732 1814 773 1880 qe
811 1816 896 1859 vous
933 1816 1016 1861 nous
1055 1796 1244 1881 puissoms
1289 1794 1396 1859 valer
1430 1814 1468 1857 en
1496 1816 1536 1857 ruz

471 1892 656 1979 buroignes,
679 1916 763 1960 nous
784 1918 908 1962 seroms
931 1896 963 1962 al
986 1896 1063 1963 aide
1086 1897 1128 1962 de
1155 1898 1264 1963 Dieu
1292 1897 1386 1963 auxi
1409 1902 1492 1981 prest
1508 1896 1534 1957 de

470 2014 533 2059 voa
564 1996 741 2083 busoigues
773 2018 948 2065 avaunoer.
996 1998 1140 2065 Endroit
1176 2001 1228 2065 de
1268 2004 1372 2065 oeste
1407 1996 1532 2063 eboseet

468 2094 598 2173 altores,
620 2097 649 2161 si
683 2098 756 2163 rien
791 2098 911 2165 voillez
944 2122 1038 2178 vous,
1072 2122 1159 2167 nous
1203 2100 1349 2167 voillez
1389 2096 1532 2163 remandet

469 2218 530 2283 par
563 2196 594 2263 le
628 2204 767 2285 portour
800 2200 842 2264 de
877 2206 990 2268 oestes
1036 2200 1183 2267 ADieu
1209 2204 1253 2289 qi
1293 2222 1387 2267 vous
1419 2198 1529 2287 garder

469 2304 617 2385 quantqe
639 2320 661 2365 a
683 2320 767 2367 vous
789 2307 901 2388 apent.
946 2302 1060 2369 Donez
1082 2324 1104 2369 a
1127 2302 1362 2379 Canterbire,
1388 2308 1446 2367 ete

335 2718 419 2777 (uos.
471 2702 745 2771 tou-Lmen
768 2722 1006 2775 ruvirurrorus
1028 2724 1128 2777 aurci
1144 2728 1194 2777 nn
1211 2728 1364 2779 rennuit
1389 2707 1520 2773 Ninus

336 2786 424 2849 ¹³⁸¹)
931 2810 1076 2878 Douuu.

299 2910 329 2961 L.
343 2915 373 2961 18
382 2928 407 2962 a.

299 3041 453 3093 mendi,
517 2995 667 3063 Salutem
690 3020 790 3083 quam
814 3002 945 3087 peperit
966 3024 1129 3089 puerpera
1156 3004 1357 3091 singularia.
1406 3000 1512 3080 Qufflw

299 3108 433 3159 uersuta
471 3098 649 3183 gratiosius
682 3100 772 3186 apud
807 3122 866 3167 vos
898 3104 1049 3169 exaudiri
1084 3126 1267 3191 speramus,
1294 3110 1396 3172 tanto
1417 3097 1509 3165 fiduci·

297 3175 442 3293 ffiffi
472 3201 558 3265 alius
592 3202 686 3268 vobis
723 3205 1005 3273 communicamus
1037 3206 1237 3273 desiderium
1272 3208 1385 3275 nostri
1418 3200 1506 3271 eordit

299 3318 428 3393 ιςαῳιιιῑ
472 3323 531 3367 vos
568 3304 746 3371 affectuose
782 3312 946 3391 rogantes,
980 3310 1147 3393 quatinus,
1186 3310 1223 3375 in
1257 3308 1407 3377 instanti
1442 3304 1506 3368 fautu

298 3374 409 3491 &ffi-
471 3404 625 3489 gratiosae
656 3405 858 3472 Natiuitatis
893 3408 1078 3476 Salvatoris
1100 3412 1215 3489 nostri,
1239 3434 1314 3491 nos,
1339 3414 1450 3476 veste
1463 3403 1501 3489 ju

470 3504 654 3570 canditatis
691 3508 853 3592 corporali
890 3512 1068 3595 praesentia
1114 3512 1287 3579 consolari.
1354 3508 1502 3578 Credimus

467 3605 556 3670 enim
589 3608 678 3693 quod
712 3608 748 3672 in
779 3608 844 3675 hoo
876 3610 1074 3697 obsequium
1113 3613 1281 3699 placidum
1323 3606 1497 3703 praestabitis

464 3707 530 3792 ipsi
562 3707 644 3786 Deo,
681 3716 797 3776 nostro
819 3712 925 3777 statui
958 3734 1094 3781 oneroso
1127 3723 1249 3782 vestrae
1281 3713 1429 3785 caritatis
1447 3709 1498 3771 vis·

464 3810 593 3877 oeribus
625 3813 870 3897 eompatientes
918 3814 1034 3881 Valete
1072 3817 1108 3881 in
1143 3818 1285 3898 Christo,
1317 3827 1355 3886 et
1387 3812 1493 3881 valeant

465 3911 523 3997 qui
553 3932 613 3977 vos
639 3912 750 3978 valere
772 3934 812 3980 ao
837 3914 950 4001 vigere
984 3916 1178 3984 desiderant
1207 3925 1243 3985 et
1276 3922 1398 3995 ridere,
1417 3916 1494 3979 benc*

463 4013 624 4100 placitum
647 4019 795 4079 vestrum
819 4036 919 4103 super
942 4016 1008 4082 hiis
1031 4027 1065 4084 et
1088 4020 1162 4085 aliis
1186 4022 1282 4088 nobis
1305 4020 1490 4091 rescribentes

462 4120 624 4199 tanquam
649 4121 769 4181 vestro.
815 4117 988 4184 Habemus
1012 4121 1107 4186 vobis
1130 4121 1238 4188 multa
1260 4124 1378 4202 dicere,
1391 4122 1491 4187 statum

465 4221 614 4281 vestrum
653 4221 688 4282 et
725 4224 876 4283 nostrum
923 4222 1162 4309 contingentia,
1204 4245 1279 4308 quae
1317 4226 1434 4292 felicius
1462 4216 1487 4278 1‘11

463 4324 576 4482 ἵζειν»,
612 4320 789 4402 praesentia
826 4342 926 4406 quarn
970 4323 1123 4391 absentie
1160 4330 1320 4414 poterunt
1357 4316 1488 4413 expediri·

496 4423 541 4483 at.
565 4422 625 4485 eto

1576 4277 1587 4534 r

1576 4609 1588 5026 i
