3309 5859
503 973 792 1024 csnrunnmusus.
1115 959 1178 1021 365

97 1270 442 1335 354.-Ducnuruu
476 1288 519 1336 ur
558 1286 780 1335 urrmmrmn
813 1285 1014 1335 suurnurm
1046 1268 1177 1333 Porum·
1219 1258 1312 1387 (ᾖξ’)

283 1388 398 1436 nunrr
429 1388 786 1450 prosequeremur
816 1388 857 1435 ru
894 1370 1070 1436 Osmruuo
1094 1386 1178 1434 rue·
1250 1358 1258 1376 ³
1317 1362 1323 1373 '

285 1488 448 1554 mosum,
471 1490 606 1539 conrne
637 1488 890 1537 resumemus
924 1487 1179 1537 ruoeuumnrus
1194 1454 1224 1504 ¹⁴·
1238 1459 1285 1503 ⁶⁶·

287 1591 330 1639 nr
352 1592 541 1640 srufflrun
562 1592 846 1641 rnoonnmmnms
870 1591 914 1640 nr
936 1564 1158 1639 ossrm'sros.

164 1736 261 1816 Quia
293 1739 333 1804 A
369 1740 410 1804 de
433 1740 470 1804 B.
503 1761 609 1826 nuper
645 1740 793 1805 monitus
827 1740 942 1818 fuerit,
981 1738 1044 1804 sub
1082 1737 1180 1803 certis
1196 1754 1320 1805 Sentenee

110 1838 245 1925 poenis,
279 1841 376 1925 quod,
407 1841 498 1907 iufra
528 1842 708 1907 terminum
740 1842 804 1907 sibi
837 1841 1024 1927 praefixum,
1059 1840 1181 1906 faceret
1195 1836 1348 1939 ibbncedin

113 1942 241 2027 aliqua
262 1942 351 2008 infra
372 1943 523 2009 cedulam
545 1950 710 2021 contenta,
734 1965 810 2029 quaa
840 1943 1001 2010 hactenus
1035 1942 1182 2029 plenarie
1195 1957 1239 2005 the
1252 1954 1337 2018 Chap-

114 2044 235 2109 facere
272 2066 340 2109 non
372 2046 513 2123 curavit,
547 2053 683 2131 propter
720 2046 810 2131 quod
845 2045 966 2111 incidit
999 2045 1035 2111 in
1066 2065 1182 2131 poenas
1195 2030 1306 2137 ἓξὲξ

118 2147 314 2233 praedictos.
360 2147 450 2227 Ideo,
467 2149 520 2214 die
543 2149 707 2227 Mercurii,
722 2148 888 2228 videlicet,
904 2150 983 2236 xjm⁰
1007 2148 1185 2227 Kalendas,
1198 2154 1279 2231 foqnu

120 2255 198 2328 etc,
233 2251 341 2317 dictus
364 2252 406 2318 A.
428 2252 469 2317 de
501 2253 538 2319 B.
563 2253 710 2318 monitus
742 2252 818 2331 suit,
853 2253 941 2319 siout
971 2254 1073 2339 p'rius,
1097 2253 1186 2338 quod
1199 2219 1343 2338 {ligii-,ism

124 2352 168 2417 de
192 2356 292 2417 tanto
313 2359 452 2439 argento
473 2354 510 2418 in
533 2355 678 2419 denariis
701 2376 784 2440 quos
806 2354 968 2441 deposuit,
992 2354 1129 2431 dimisit,
1153 2360 1343 2432 eqpsopnera·

125 2454 280 2533 tradidit,
303 2456 537 2521 custodiendos
560 2456 701 2521 diversis
723 2455 923 2533 hominibus,
947 2456 1019 2522 sine
1042 2456 1184 2535 licentia,
1199 2420 1319 2537 ξᾘζὴξς

128 2558 278 2635 coneilio,
301 2565 336 2623 et
367 2580 516 2636 assensu,
539 2558 661 2624 Prioris
694 2564 730 2624 ct
764 2557 968 2637 Conventus
999 2559 1086 2625 infra
1119 2554 1342 2632 trest⁰⁰⁰m¹ff¹⁸⁴

131 2661 204 2725 dies
226 2661 384 2726 continue
418 2667 593 2747 sequentes
625 2662 768 2727 solveret
791 2660 828 2727 Ο.
854 2662 895 2727 de
918 2662 957 2728 D.
981 2666 1113 2728 tantum
1137 2626 1358 2751 arqpogpqquyqte

133 2768 273 2850 gentum
308 2763 345 2826 in
376 2764 530 2840 denariis,
562 2764 598 2828 in
631 2763 753 2850 quibus
787 2764 896 2829 dictus
928 2764 967 2829 A.
992 2764 1033 2830 de
1055 2764 1093 2829 B.
1125 2760 1358 2829 sibi⁰⁰¹¹¹¹²fl⁸⁰

135 2866 323 2944 tenebatur,
361 2870 396 2931 et
433 2866 603 2931 residuum
642 2866 725 2931 dicti
765 2867 895 2953 argenti
934 2867 1077 2933 solveret
1114 2868 1189 2933 aliis
1200 2816 1353 2949 iblddtirif

137 2968 364 3047 oreditoribus,
409 2969 471 3033 sub
517 2990 617 3054 poena
659 2968 892 3056 permeatis,
929 2970 958 3035 si
1002 2968 1192 3056 hujusmodi
1203 2958 1318 3019 ΡΜ·

138 3072 377 3137 monitionibus
412 3072 477 3137 sibi
500 3072 598 3137 factis
629 3093 697 3137 non
730 3076 873 3159 pareret,
895 3072 1102 3139 incurrendo.
1147 3072 1193 3137 Et

140 3175 217 3260 quia
248 3172 439 3258 hujusmodi
472 3172 712 3238 monitionibus
746 3172 813 3237 sibi
846 3172 943 3239 factis
959 3230 963 3238 .
978 3195 1093 3261 parcre
1117 3195 1192 3240 con-

141 3277 283 3362 tempsit,
320 3275 441 3341 incidit
477 3276 514 3340 in
551 3297 666 3361 poenas
704 3276 888 3361 praedictas.
947 3276 993 3341 Et
1024 3276 1107 3355 ideo,
1138 3276 1192 3341 die

144 3379 287 3460 Sabbati,
324 3378 487 3455 videlicet,
519 3378 615 3464 viijvo
639 3377 817 3456 Kalendas,
853 3383 924 3457 ete,
961 3379 1110 3465 proxime
1142 3401 1191 3455 se-

143 3476 260 3567 quente
282 3480 411 3546 dictum
435 3480 522 3545 diem
557 3478 724 3556 Mercurii,
746 3480 834 3545 idem
859 3480 897 3544 A.
922 3480 962 3545 de
986 3480 1023 3547 B.
1046 3481 1191 3546 monitus

144 3584 207 3649 fuit
227 3584 312 3649 sicut
333 3583 437 3669 prius,
459 3581 547 3669 quod
571 3586 678 3648 totam
711 3583 886 3669 pecuniam
918 3587 1135 3661 numeratam,
1158 3589 1193 3649 et

147 3686 254 3752 omnia
275 3684 343 3751 alia
364 3684 452 3750 bona
474 3706 535 3749 sua
557 3706 632 3770 quae
655 3683 775 3750 babuit
804 3684 842 3749 in
864 3706 945 3751 auro
969 3685 1023 3751 vel
1046 3692 1192 3773 argento,

149 3810 270 3855 necnon
304 3808 416 3853 omnes
452 3786 670 3873 obligationes
706 3792 741 3852 et
773 3787 895 3866 tallias,
917 3788 1124 3855 munimenta
1158 3802 1193 3854 et

148 3892 371 3966 instrumenta,
405 3888 506 3955 vadia
533 3893 568 3953 et
599 3888 749 3973 pignora,
772 3910 847 3974 quae
863 3889 989 3969 habuit,
1014 3912 1035 3955 a
1057 3890 1192 3975 quibus-

150 4014 270 4079 cunque
306 3991 462 4079 personis,
487 4013 529 4056 ex
567 4011 764 4077 quacunque
795 4012 895 4057 causa
923 3992 981 4057 rel
1014 3993 1129 4071 colore,
1153 3993 1193 4058 dc

153 4094 391 4180 quibuscunque
413 4092 511 4158 bonis
534 4092 657 4157 eisdem
680 4090 871 4158 hominibus
893 4093 1052 4175 venditis,
1074 4094 1129 4159 vel
1151 4095 1194 4159 ad

152 4200 296 4261 mutuum
333 4194 477 4270 traditis,
515 4194 570 4259 vel
622 4215 722 4280 penes
760 4193 891 4259 eosdem
938 4195 1096 4281 depositis
1141 4195 1196 4260 vel

155 4298 299 4376 dimissis,
321 4297 411 4361 infra
446 4301 514 4361 tres
539 4294 618 4369 ,dies
641 4300 815 4380 sequentes
846 4295 989 4361 fideliter
1010 4302 1045 4361 et
1067 4298 1196 4383 integre

155 4399 250 4465 Priori
272 4399 421 4465 traderet
452 4403 487 4463 et
520 4397 686 4475 liberaret,
708 4396 772 4461 sub
804 4419 904 4483 poena
937 4399 1154 4485 separationis
1176 4422 1197 4464 a

156 4502 373 4570 communione
405 4502 547 4568 fratrum
581 4500 791 4578 incurrendo,
814 4501 844 4566 si
875 4500 1067 4587 hujusmodi
1090 4504 1196 4569 moni-

156 4605 290 4671 tionibus
314 4626 383 4671 non
406 4609 543 4691 pareret
599 4645 606 4658 ·
