3309 5859
531 925 820 978 cmrurluarsas
959 949 964 954 ·
1136 903 1200 973 333

144 1115 187 1180 in
210 1117 400 1204 hujusmodi
422 1121 571 1186 terminis
593 1121 818 1208 persolvenda,
833 1119 939 1188 nobis.
953 1139 1011 1183 seu
1033 1117 1083 1182 illi
1106 1138 1203 1202 quem
1216 1111 1296 1230 ‘0⁰⁸3‘

145 1221 195 1286 ad
240 1223 331 1288 illam
370 1225 590 1312 recipiendam
629 1224 908 1312 deputaverimus,
945 1223 989 1287 ad
1025 1221 1204 1287 Ecclesiam
1239 1193 1302 1229 una.

147 1329 300 1392 nostram
331 1326 458 1393 Christi
493 1327 775 1404 Cantuariensem,
798 1331 909 1391 vestro
943 1324 1097 1411 periculo
1120 1323 1206 1388 inte·

148 1428 294 1512 graliter
311 1435 346 1496 et
367 1431 510 1497 fideliter
533 1431 699 1496 destinare
732 1431 873 1510 curetis3
905 1434 945 1492 ut
976 1449 1037 1493 nos
1071 1427 1208 1491 eandem

150 1530 279 1597 solvere
310 1533 489 1615 valeamus,
522 1539 622 1620 prout
658 1533 754 1598 nobis
791 1533 827 1596 in
859 1531 983 1596 litteris
1021 1529 1211 1615 injungitur

152 1634 361 1719 supradictis.
409 1635 504 1715 Quod
528 1636 555 1700 si
579 1637 614 1700 in
637 1634 834 1702 executione
856 1633 958 1720 hujus
981 1632 1088 1699 nostri
1120 1652 1213 1696 man-

153 1735 229 1799 dati
251 1737 454 1824 negligentes
484 1738 615 1803 fueritis
649 1743 710 1804 aut
741 1737 879 1814 remissi,
912 1735 1047 1822 majoris
1083 1755 1214 1800 excom-

154 1837 390 1903 municationis
420 1840 619 1906 sententiam
657 1839 693 1904 in
732 1861 800 1916 vos,
833 1838 991 1903 canoniea
1028 1836 1214 1901 monitione
1310 1857 1313 1863 ·

155 1939 334 2023 praemissa,
357 1925 554 2026 proferimus
587 1942 623 2006 in
660 1941 724 2006 biis
764 1940 903 2026 scriptis,
956 1939 1007 2004 De
1046 1939 1099 2004 die
1137 1958 1216 2002 vero
1267 1993 1273 2008 ,

156 2043 354 2127 receptionis
377 2044 598 2130 praesentium,
621 2043 760 2129 etquid
782 2043 927 2108 feceritis
959 2043 994 2105 in
1027 2040 1213 2123 praemissis,

57 2169 59 2172 ·
158 2161 302 2208 rmacum
325 2145 513 2210 nominibus
536 2165 603 2211 non
627 2145 838 2221 solventium,
860 2166 898 2210 ac
920 2143 1017 2208 vobis
1038 2141 1214 2207 manifeste

35 3450 37 3452 ’
110 3475 112 3480 ·
172 3439 248 3506 dam
262 3440 430 3522 ’articulos
455 3442 686 3528 inspiciendos,
709 3465 808 3529 super
838 3443 958 3529 quibus
980 3443 1087 3508 sancti
1111 3434 1318 3529 patreetvb·

160 2244 331 2309 rebellium
355 2247 391 2310 in
420 2247 482 2313 hac
512 2253 614 2334 parte,
638 2247 666 2312 si
701 2246 758 2333 qui
793 2246 931 2323 fuerint,
954 2244 1096 2331 singulis
1133 2250 1215 2308 tem·

159 2347 296 2430 poribus
331 2349 450 2434 quibus
487 2350 582 2415 nobis
619 2348 809 2435 hujusmodi
848 2348 1007 2414 decimam
1045 2346 1215 2414 collectam
1244 2321 1359 2449 ᾔξζξξ

160 2449 416 2528 destinaveritis,
448 2452 634 2518 certificetis
664 2474 723 2538 per
747 2451 878 2516 litteras
898 2455 1027 2515 vestras
1053 2454 1356 2534 patenas,2,174„

162 2549 280 2616 harum
313 2553 429 2618 seriem
456 2553 672 2618 continentes.
717 2553 808 2618 Data
841 2551 930 2637 apud
963 2549 1129 2616 Mortelak
1163 2550 1218 2614 de·
1231 2569 1370 2621 rhemor

164 2653 250 2720 cimo
274 2655 443 2722 Kalendas
465 2656 612 2744 Augusti
634 2677 722 2722 anno
746 2655 948 2742 supradicto.
1231 2637 1369 2753 ffigdffi.

1231 2769 1331 2832 bisbep,

1230 2835 1372 2953 tutte

235 2957 424 3046 316.-[]')a
456 2975 678 3026 vrsrrsrmma
708 2959 845 3024 Dorum
878 2960 1151 3026 Aacnrmmcorr
1230 2968 1371 3046 previsam

606 3063 770 3147 rurum]
1230 3037 1370 3166 ζιζξζξῗὲ

1232 3171 1278 3218 the
1288 3165 1392 3217 artetes

215 3233 283 3302 Suo
321 3237 419 3324 patri.
460 3238 548 3318 Quia
586 3237 780 3304 decrevistis
818 3244 966 3303 vestram
1004 3238 1221 3324 provinciam,
1233 3233 1387 3298 concaming

171 3344 270 3424 prout
292 3333 437 3426 expedit,
460 3341 496 3404 in
527 3341 678 3427 proximo
710 3341 858 3420 visitare,
882 3341 982 3405 mitto
1005 3340 1101 3405 vobis
1123 3361 1219 3426 quos·
1233 3301 1328 3419 iiiiii„

172 3543 425 3628 praedecessores
455 3544 559 3609 vestri
582 3545 619 3608 in
642 3543 896 3610 visitationibus
919 3543 989 3609 suis
1011 3501 1375 3630 provinciali-iiiiii„

172 3645 236 3708 bus
258 3641 409 3710 solebant
441 3645 618 3730 inquirere,
641 3667 700 3731 per
721 3646 847 3733 gradus
869 3646 1016 3732 singulos
1038 3634 1398 3764 VssilffldO·}{⁰‡¹,⁸ffl{d

1391 3735 1398 3760 3

174 3769 267 3828 rum;
298 3748 420 3834 quibus
451 3748 611 3834 inspectis
643 3753 677 3814 et
715 3749 925 3828 examinatis,
963 3748 1093 3834 placeat
1129 3749 1365 3817 vobisnesene-

175 3849 305 3914 eosdem
344 3850 504 3916 articulos
541 3851 711 3916 remittere
748 3850 849 3916 miehi
886 3856 1006 3917 vestro.
1068 3850 1227 3937 Prospere
1238 3835 1366 3951 ffim'

178 3952 290 4018 valeat
312 3959 425 4019 vestra
455 3955 651 4040 paternitas,
674 3958 709 4019 et
731 3953 873 4020 feliciter
894 3955 1047 4040 proficiat
1069 3956 1105 4019 in
1126 3977 1227 4042 agen·
1240 3916 1367 4017 themiot

178 4055 239 4120 aa.
284 4055 454 4143 serapeum
479 4057 680 4138 emensae,
702 4057 792 4143 vijmo
816 4057 977 4122 kalendas
1000 4057 1159 4124 scasas.
1240 4032 1394 4162 {gsstffffl

1241 4167 1285 4243 tire
1296 4179 1335 4214 re-

1241 4239 1327 4298 grater.

285 4343 605 4415 sur-maome
628 4361 676 4410 so
699 4360 1009 4412 cousuarmroumr
1032 4362 1139 4412 amm.
1287 4357 1373 4486 pppg.)

229 4523 297 4590 Suo
320 4525 416 4612 patri.
457 4525 621 4612 Inspectis
636 4531 671 4592 et
686 4525 886 4591 examinatis
908 4524 1092 4612 privilegiis
1108 4531 1142 4592 et
1157 4526 1231 4592 aliis
1245 4514 1277 4567 Β·
1291 4497 1387 4566 ΠΨ

184 4626 307 4691 litteris
340 4628 538 4714 apostolicis,
578 4649 620 4693 ex
659 4635 754 4714 parte
792 4628 937 4694 Abbatis
971 4633 1006 4694 et
1038 4629 1232 4695 Conventus
1244 4605 1398 4726 astringite

183 4730 296 4796 Sancti
330 4730 514 4817 Augustini
555 4729 746 4797 Cantuarire
781 4753 888 4818 nuper
926 4730 1084 4797 exhibitis
1122 4754 1230 4799 coram
1244 4742 1329 4791 Aren-

184 4833 287 4906 vobis,
310 4839 345 4898 et
367 4855 466 4919 penes
490 4855 548 4898 vos
575 4833 670 4920 copia
693 4835 837 4912 dimissa,
860 4834 1043 4900 informetis
1066 4808 1375 4926 cometen-mm
