3309 5859
392 902 436 967 32
831 917 975 993 urum

245 1177 269 1213 ⁰·
282 1163 356 1214 ¹³⁰⁷·
436 1181 723 1249 38.-Rruoroso
738 1198 822 1249 vnio
846 1197 890 1250 sc
906 1197 1043 1249 nouruo
1066 1197 1279 1251 aursamno
1294 1183 1446 1252 Douruo

247 1293 362 1348 unsa
502 1282 626 1350 Pmoru
649 1283 924 1352 Canromrssar.

223 1425 379 1558 ffissffi
436 1449 525 1531 Quid
539 1451 687 1538 potuerit
707 1450 862 1518 subditus
884 1455 919 1518 et
942 1449 1092 1518 servitor.
1138 1451 1307 1541 largitate
1329 1456 1446 1520 vestra

222 1551 471 1618 uaeas-reali
507 1575 617 1620 meum
655 1553 850 1641 obsequium
885 1553 1106 1642 prevenistis,
1141 1553 1230 1620 unde
1267 1553 1443 1622 dilectioni

221 1627 376 1744 {3}ssss
389 1658 507 1720 vcstrae
537 1655 690 1744 benignae
712 1657 819 1744 magis
841 1656 1041 1744 astringeret
1063 1655 1092 1721 si
1116 1655 1197 1744 quid
1226 1677 1364 1743 possem,
1387 1655 1441 1720 in·

219 1757 377 1876 potantem
390 1757 487 1823 terim
520 1759 704 1845 regi-atiena
737 1762 935 1837 reverenter,
958 1762 993 1824 et
1024 1779 1098 1824 cum
1132 1775 1263 1844 tempus
1284 1757 1443 1824 acciderit

231 1839 270 1878 ⁰⁰⁹
389 1864 622 1946 opportunum,
637 1859 701 1926 Dei
723 1859 833 1948 gratia
848 1859 1024 1939 mediante,
1040 1857 1231 1926 cordialiter
1246 1859 1442 1926 serviturus.

388 1961 547 2029 Intellexi
590 1964 679 2051 quod
721 1964 856 2030 affectat
893 1967 1006 2029 vestra
1049 1983 1171 2051 magna
1209 1961 1442 2030 benevolentia

387 2085 441 2131 me
463 2065 586 2144 videre,
609 2065 651 2131 de
673 2087 739 2152 quo
761 2063 923 2152 regratior
944 2069 1107 2152 quantum
1129 2085 1273 2152 possum,
1288 2071 1323 2131 et
1345 2086 1443 2152 spero

387 2172 463 2255 post
484 2167 606 2234 festum
639 2167 756 2234 Sancti
789 2167 959 2234 Michaelis
993 2167 1036 2234 ad
1059 2167 1270 2256 praesentiam
1294 2173 1441 2234 vestram

386 2271 548 2350 accedere,
571 2271 668 2338 etde
690 2270 812 2336 vestris
835 2271 1000 2358 prosperis
1034 2271 1201 2338 collaetari.
1249 2270 1290 2335 In
1313 2271 1441 2337 tumul-

387 2375 560 2439 tuantibus
590 2373 747 2440 fluctibus
768 2373 887 2438 mundi
909 2371 1010 2459 hujus
1033 2393 1093 2438 vos
1116 2377 1151 2438 et
1173 2377 1300 2439 vestros
1315 2371 1443 2439 Sancta

387 2476 533 2541 Trinitas
570 2475 751 2543 incolumes
782 2475 842 2540 diu
873 2479 993 2542 servet.
1051 2475 1219 2562 Scriptum
1251 2475 1442 2556 Linoolniae,

386 2579 441 2644 die
456 2577 596 2644 Sabbati
619 2578 770 2666 proximo
784 2581 861 2664 post
883 2577 1004 2643 festum
1020 2575 1268 2664 Assumptionis
1290 2577 1442 2666 Virginis

385 2682 685 2770 gloriosse-Suus
707 2681 750 2747 N.
774 2697 822 2746 ns
843 2681 1019 2750 Taurum.

245 2953 307 3001 1³0⁷
321 2965 351 3000 or
432 2949 890 3036 tlt—[Deconseouanors
906 2945 1033 3012 Eusori
1047 2943 1308 3012 Bnoonsrsrs
1323 2961 1443 3012 sxrnu

261 3021 332 3068 ¹³⁰⁹·
497 3052 933 3130 cinnomannorum
955 3063 1027 3115 uon
1050 3049 1197 3134 erana]

218 3149 307 3280 liiiiii·
431 3215 625 3282 Reverendo
652 3215 689 3279 in
713 3211 847 3280 Christo
870 3211 968 3300 patri,
992 3210 1137 3278 Domino
1162 3211 1308 3280 Henrico
1331 3213 1444 3280 Priori

218 3283 247 3332 Ο·
262 3284 356 3350 ”⁹⁴²3
387 3319 540 3387 Ecclesiae
578 3317 705 3384 Christi
739 3315 998 3392 cantuariensis,
1020 3315 1138 3381 Frater
1182 3313 1335 3394 Thomas,
1373 3317 1441 3384 Dei

217 3413 375 3532 fffhffilgff
387 3423 598 3512 permissione
636 3421 785 3488 modicus
823 3419 974 3486 sacerdos
1012 3417 1185 3497 ltoffensis,
1223 3419 1363 3486 salutem
1403 3423 1443 3487 in

216 3549 312 3599 aaran
385 3527 503 3594 salutis
537 3527 691 3592 Auctore.
736 3522 936 3610 Recepimus
973 3521 1105 3588 litteras
1137 3529 1275 3605 vestras,
1297 3521 1360 3590 hoc
1383 3525 1440 3591 die

216 3615 360 3732 ἓξὲξ·
385 3627 525 3696 Sabbati
548 3633 623 3716 post
648 3647 797 3692 mensam
819 3625 911 3712 apud
937 3622 1090 3710 Hallyng
1107 3622 1210 3710 juxta
1232 3623 1381 3708 Roffam;
1403 3632 1442 3693 et

216 3746 360 3799 thamnae
384 3732 464 3818 quia
496 3731 653 3808 litteram,
684 3751 783 3816 super
804 3726 977 3794 vocatione
1026 3725 1262 3793 consecrationi
1300 3726 1440 3794 Domini

214 3812 355 3930 ffiffiess‘
384 3834 490 3900 Electi
528 3831 762 3920 Bangoriensis
793 3829 883 3918 apud
922 3828 1146 3914 Leyeestriam
1169 3827 1338 3908 faciendae,
1369 3852 1439 3897 non

215 3946 371 4012 otanuhop
384 3935 544 4002 hahemus
582 3936 625 4001 ad
663 3955 814 4022 praesens,
850 3931 1000 3996 misimus
1039 3930 1228 3998 Londonias
1262 3954 1322 4019 pro
1344 3939 1438 4000 tran·

214 4013 372 4146 2ifflfgg
384 4039 507 4126 scripto
530 4038 652 4104 litterae
683 4035 879 4114 antedictae;
912 4055 1012 4120 quam
1043 4033 1176 4120 quidem
1203 4033 1351 4100 litteram
1375 4035 1438 4102 hac

214 4146 360 4198 oleaster·
384 4144 438 4209 die
455 4141 593 4208 Sabbati
618 4137 754 4226 quidam
769 4144 882 4203 noster
898 4135 1036 4204 clericus
1062 4158 1172 4202 seeum
1195 4142 1331 4224 portans
1354 4137 1436 4203 civi·

215 4213 360 4344 Βῖζζξζξο
384 4252 487 4312 tatem
510 4243 627 4320 adivit,
642 4247 846 4308 tractaturus
871 4261 946 4306 oum
962 4238 1078 4326 peritis
1101 4238 1142 4304 de
1166 4244 1288 4322 tenore,
1304 4240 1372 4326 qui,
1396 4247 1436 4308 ut

214 4353 242 4396 ω
253 4347 286 4398 b0
297 4347 369 4398 uere
383 4347 527 4425 videtur,
551 4344 744 4410 indecenter
770 4348 821 4409 est
843 4345 1039 4428 conceptus;
1063 4345 1097 4405 et
1117 4340 1284 4426 quamcito
1307 4341 1436 4410 dictum

214 4427 338 4530 ffi'r„
384 4455 532 4516 tenorem
564 4445 787 4521 habuerimus,
820 4441 916 4508 vohis
953 4441 1087 4507 mittere
1123 4461 1191 4507 non
1228 4441 1436 4509 tardabimus

216 4545 344 4609 prejuuiee
385 4549 637 4639 quoquomodo
660 4568 719 4635 per
756 4552 907 4611 nostrum
930 4565 1080 4630 puerum,
1104 4543 1167 4608 suh
1188 4548 1301 4610 nostro
1324 4545 1436 4632 signa·

214 4612 344 4742 imos
386 4657 460 4723 culo
494 4655 666 4720 inclusum
713 4649 820 4726 Pater,
857 4647 1068 4714 cedebamus
1103 4646 1192 4732 quod
1229 4645 1288 4712 illa
1321 4645 1436 4716 lilim

211 4743 372 4874 mim·
386 4755 567 4824 vocationis
590 4755 631 4819 ‹le
655 4757 766 4818 vestro
797 4770 955 4816 consensu
979 4747 1130 4814 totaliter
1152 4753 1345 4827 emanasset,
1368 4749 1435 4828 sed,

213 4875 325 4929 thuna
384 4865 425 4926 ut
446 4857 653 4926 advertimus
687 4875 747 4942 per
769 4852 805 4919 id
827 4849 916 4938 quod
954 4850 1108 4928 scribitis,
1131 4855 1182 4917 est
1219 4849 1315 4918 vohis
1344 4851 1435 4926 dieta
