3309 5859
581 841 872 914 cumularemus.
1210 834 1252 898 23

201 1041 421 1114 Ecclesiamm
437 1036 616 1135 Episcopin
632 1049 668 1113 et
685 1047 910 1114 Sacrosanctae
925 1047 1085 1114 Romam
1101 1047 1253 1114 Ecclesiae

204 1144 445 1226 Cardinalibus,
459 1171 539 1215 suus
561 1148 701 1215 devotus
724 1148 888 1216 Paobertus
912 1149 1123 1235 permissione
1139 1149 1254 1214 divina

203 1246 452 1318 Oantuarienais
489 1251 772 1339 Ambiapiscopus,
803 1251 908 1317 totius
945 1251 1077 1339 Angliae
1115 1251 1253 1329 Primae,

191 1350 412 1433 salutemet
445 1353 489 1420 ad
523 1353 730 1440 beneplacita
751 1376 787 1420 se
824 1361 988 1441 paratum,
1023 1377 1099 1421 curn
1121 1355 1253 1433 honore,

203 1459 239 1519 et
259 1457 446 1522 reverentia
466 1457 572 1523 tantis
594 1457 748 1544 patribus
771 1456 886 1523 debita
910 1462 944 1522 et
971 1457 1099 1523 devota.
1147 1457 1254 1544 Super

203 1577 242 1622 eo
265 1559 353 1644 quod
368 1559 488 1625 vestris
501 1580 608 1647 nuper
626 1559 749 1626 litteris
771 1558 1005 1646 deprecatoriis
1020 1581 1081 1625 nos
1103 1559 1253 1646 rogastis,

204 1665 244 1726 ut
265 1661 408 1729 Domino
429 1662 577 1730 Waltero
600 1663 641 1728 de
655 1662 836 1750 langeton,
849 1661 1066 1728 coventrensi
1089 1667 1124 1728 et
1138 1661 1254 1729 Iu'che·

201 1762 340 1830 feldensi
362 1765 477 1832 Electo
514 1787 573 1852 per
605 1786 666 1830 nos
700 1785 807 1852 nuper
840 1765 1043 1843 confirmato,
1065 1787 1164 1852 quem
1194 1787 1254 1852 pro

200 1868 381 1934 commissis
414 1868 510 1934 vobis
543 1869 587 1934 ab
610 1866 807 1954 Apostolica
831 1867 916 1934 Sede
943 1869 1087 1954 negotiis
1118 1868 1253 1944 advos,

201 1973 302 2056 prout
323 1991 381 2056 per
403 1970 514 2035 sedem
546 1969 739 2056 pradictum
770 1967 812 2034 de
835 1968 984 2054 praelatis
1023 1975 1057 2034 et
1083 1969 1157 2034 aliis
1180 1991 1254 2056 per-
1296 1961 1302 1974 ’

201 2071 290 2138 sonis
313 2072 539 2140 ecclesiasticis
564 2070 660 2136 vobis
683 2071 884 2150 conceditur,
906 2072 1075 2149 evocastis,
1099 2077 1253 2159 atquem

202 2171 331 2241 habetis
360 2173 542 2241 necessario
564 2193 624 2260 pro
645 2171 768 2238 eisdem
790 2173 932 2259 negotiis
955 2194 1015 2260 per
1037 2172 1149 2260 aliqua
1172 2180 1254 2238 tem-

201 2296 282 2362 pora
322 2277 475 2354 retinere,
513 2296 633 2341 munus
656 2275 912 2340 consecrationis
950 2296 971 2341 a
1004 2277 1255 2362 quibuscunque

202 2378 373 2468 Episcopis
416 2377 588 2446 catholicis
623 2377 725 2442 vellet
762 2377 944 2464 recipiendi
982 2377 1151 2445 licentiam
1188 2380 1254 2443 lar-

201 2481 356 2568 giremur,
371 2486 498 2549 certum
513 2479 622 2546 adhuc
637 2479 758 2544 nuntio
779 2482 893 2545 vestro
908 2477 1084 2566 nequimus
1100 2481 1254 2546 intimare

200 2606 403 2672 responsum,
426 2584 589 2672 praecipue
621 2604 696 2649 cum
727 2582 768 2648 de
806 2582 894 2648 lacto
928 2582 1128 2669 hujusmodi,
1159 2585 1254 2650 nobis

201 2708 289 2754 novo
304 2709 343 2754 ac
364 2687 497 2773 ponitus
518 2683 681 2760 inaudito,
704 2683 854 2771 Capituli
877 2686 983 2750 nostri
999 2685 1100 2773 prius,
1124 2688 1253 2753 ratione

201 2790 387 2879 multiplici,
409 2787 692 2875 sicrequirsndus
715 2809 885 2882 assensus3
908 2811 990 2874 quos
1012 2794 1083 2855 tam
1106 2796 1255 2857 recenter

201 2900 277 2982 post
306 2894 496 2960 litterarum
519 2896 707 2958 vestrarum
745 2889 994 2968 exhibitionem,
1025 2897 1158 2979 proptor
1189 2894 1255 2959 dis·

201 2997 343 3063 tantiam
367 2995 500 3082 longam
526 2999 561 3060 et
576 2993 642 3060 vioe
666 3014 791 3079 asperas
814 2999 850 3058 et
871 2999 1045 3060 montuosa
1070 2997 1254 3074 discrimen,

201 3098 297 3164 nobis
333 3097 478 3164 facultas
516 3100 680 3183 oportuna
716 3116 783 3160 non
821 3096 935 3182 patuit
973 3097 1172 3176 consulendi,
1196 3100 1253 3163 sed

201 3201 283 3290 ipsis
305 3221 404 3288 super
425 3199 499 3279 hoc,
522 3203 684 3284 oportune
707 3202 742 3262 et
764 3218 804 3262 ea
827 3219 893 3284 qua
915 3199 1120 3284 potuerimus
1143 3201 1254 3266 celeri·

201 3308 279 3381 tate,
317 3299 487 3377 consultis,
524 3305 559 3365 et
597 3321 673 3365 cum
707 3298 845 3364 consilio
874 3305 997 3376 nostro,
1036 3301 1183 3387 undique
1216 3308 1254 3367 ut

200 3405 301 3471 moris
350 3407 401 3468 est
432 3403 469 3466 in
504 3401 647 3490 instanti
682 3406 831 3486 temporo
865 3403 1077 3488 autumpnali
1099 3404 1279 3490 disperso,-

200 3507 439 3576 deliberatione
462 3504 658 3593 praehabita,
680 3526 873 3590 responsum
897 3510 1023 3570 certum
1046 3508 1254 3593 promodulo

200 3617 324 3678 nostrae
354 3607 586 3696 possibilitatis
619 3606 775 3671 idoneum
807 3611 877 3671 tam
908 3609 1003 3674 vobis
1041 3631 1140 3695 quum
1165 3611 1255 3700 dicto

199 3715 314 3780 Electo
351 3711 565 3798 proponimus
602 3707 731 3796 plenius
770 3709 933 3774 intimare.
996 3711 1085 3776 Satis
1124 3734 1254 3798 quoqne

198 3820 353 3906 patenter
394 3817 429 3878 et
470 3810 598 3877 oculata
632 3809 853 3895 conspicimus
898 3817 1061 3897 quantum
1099 3814 1254 3880 imineret

200 3916 410 4004 dispendium
445 3913 474 3977 si
496 3915 714 3976 memoratum
749 3910 900 3976 Electum
924 3913 1029 3978 redire
1071 3916 1256 4002 contigerit,

198 4028 241 4086 ut
263 4017 447 4105 scripsistis,
471 4020 529 4092 set,
553 4035 595 4079 ne
627 4013 747 4078 exinde
780 4035 911 4098 quoquo
942 4016 1039 4080 modo
1066 4017 1255 4097 turbemini,

199 4123 295 4189 vobis
328 4116 607 4186 certitudinaliter
642 4115 846 4190 intimamus
869 4115 957 4202 quod
995 4117 1099 4202 ipsius
1138 4119 1254 4201 Electi,

197 4229 239 4290 ut
261 4225 474 4311 praenotatur,
496 4217 689 4294 absentiam,
720 4221 879 4302 tanquam
909 4217 1056 4304 legitime
1093 4221 1254 4305 impediti,

200 4349 266 4414 quo
292 4325 336 4389 ad
368 4321 537 4410 praemissa
558 4319 757 4384 sufficienter
786 4319 990 4397 habebimus,
1022 4327 1122 4406 prout
1153 4324 1254 4390 etiam

200 4429 314 4496 haberi
338 4425 472 4492 debebit
494 4447 515 4488 a
537 4423 677 4510 singulis
695 4422 861 4507 judicium
884 4423 1022 4487 rationis
1045 4424 1254 4509 habentibus,

201 4537 401 4607 excusatam
432 4549 471 4593 ac
509 4526 610 4592 etiam
641 4547 701 4611 pro
727 4529 824 4590 tanto
859 4524 1049 4610 reipublicae
1086 4533 1255 4596 commodo

202 4635 322 4700 merito
353 4631 628 4706 commendatam,
660 4627 824 4714 praecipue
864 4649 939 4693 cum
973 4628 1163 4714 hujusmodi
1196 4657 1255 4700 sua

201 4735 354 4822 absentia
398 4755 457 4820 per
489 4738 633 4797 vestram
679 4730 885 4795 vocationem
931 4733 1129 4798 auctoritate
1162 4733 1256 4803 Sedis
