3309 5859
436 857 503 922 258
875 873 1011 924 numu

437 1071 533 1132 catur
554 1064 733 1152 plurimum
756 1069 950 1152 oportunus,
965 1064 1207 1130 fraternitatem
1223 1069 1331 1130 tuam
1356 1075 1517 1144 rogamus

439 1171 475 1232 et
495 1166 669 1232 hortamur
700 1171 839 1246 attente,
864 1187 922 1254 per
956 1165 1135 1252 apostolica
1157 1165 1221 1230 tibi
1252 1161 1401 1248 scripta
1425 1177 1517 1222 man-

440 1269 558 1334 dantes
579 1269 746 1354 quatinus,
769 1269 945 1354 predictos
962 1267 1114 1334 Electum
1137 1273 1171 1332 et
1187 1265 1388 1332 Ecclesiam
1415 1259 1518 1325 Here-

441 1371 608 1436 iordenses
631 1372 763 1448 habeus,
779 1394 838 1459 pro
861 1377 976 1437 nostra
998 1376 1033 1436 et
1056 1371 1155 1437 dictae
1179 1369 1277 1436 Sedis
1305 1363 1520 1435 reverentia,

442 1473 636 1561 propensius
658 1473 913 1550 commendatos,
929 1474 964 1538 in
986 1473 1188 1560 ampliandis
1204 1479 1237 1538 et
1261 1465 1519 1538 conservandis

439 1575 572 1660 juribus
604 1576 673 1640 suis
704 1583 739 1641 et
773 1576 878 1662 ipsius
913 1575 1076 1654 Ecclesiae,
1101 1575 1147 1641 sic
1178 1573 1329 1640 eundem
1359 1571 1518 1636 Electum

444 1679 496 1744 tui
519 1678 640 1744 favoris
662 1679 819 1772 presidio
841 1679 1055 1766 persequaris,
1086 1678 1175 1764 quod
1206 1677 1287 1764 ipse,
1313 1681 1385 1741 tuo
1411 1671 1516 1737 fultus

444 1781 578 1859 auxilio,
600 1781 637 1844 in
658 1780 831 1846 commisso
865 1781 928 1846 sibi
952 1780 1104 1848 Ecclesiae
1139 1778 1409 1846 Herefordensie
1434 1795 1515 1862 prae-

444 1884 542 1948 dictae
564 1883 723 1970 regimine
745 1905 780 1948 se
794 1883 900 1968 possit
914 1882 1031 1948 utilius
1047 1903 1205 1960 exercere,
1220 1889 1328 1967 tuque
1357 1877 1513 1945 divinam

444 1984 710 2062 miscricordiam,
743 1990 779 2050 et
811 1985 1074 2050 benevolentiam
1107 1985 1204 2052 dicte
1243 1985 1344 2050 Sedis
1390 1979 1513 2046 exinde

445 2087 554 2152 valeus
585 2087 771 2174 promereri.
819 2085 909 2152 Date
932 2087 1120 2168 Ausonis,
1152 2088 1209 2173 vij.
1235 2083 1510 2156 Kal-Octobris,

444 2187 657 2275 pontificatus
679 2188 784 2254 nostri
806 2209 897 2254 auno
921 2187 1123 2256 duodecimo,

315 2423 403 2476 ruse
513 2419 687 2487 248.-Dn
723 2435 853 2486 uerum
891 2435 1060 2484 euomsss
1094 2435 1213 2485 lurotu
1252 2434 1439 2486 summum

320 2495 393 2544 *m
910 2539 1026 2588 urnnn.

278 2613 308 2662 L.
323 2615 368 2664 15²
377 2629 403 2661 a.

278 2747 333 2796 nne
343 2745 417 2796 Prior
491 2689 643 2758 Proeclari
686 2691 833 2756 nominis
870 2697 905 2756 et
940 2691 1018 2758 vitre
1056 2691 1236 2758 laudabilis
1274 2693 1394 2758 amieis
1434 2689 1501 2754 suis

277 2813 389 2862 ummo
446 2793 586 2860 Custodi
608 2800 644 2859 et
666 2792 879 2860 Scholaribus
903 2794 1030 2860 Domus
1053 2795 1093 2859 de
1123 2795 1254 2860 lierton
1284 2795 1320 2858 in
1354 2793 1501 2867 Oxouia,

277 2877 427 2996 {2223
446 2898 586 2963 devotus
617 2917 697 2962 suus
731 2896 937 2984 H(enricus),
960 2903 1019 2963 etc
1044 2897 1186 2964 salutem
1220 2899 1257 2964 iu
1291 2897 1440 2974 Ohristo,
1464 2896 1498 2958 in

277 3013 388 3092 perform
446 3023 512 3087 quo
533 3001 639 3068 totius
660 2999 780 3066 salutis
801 3021 932 3067 summa
954 3000 1117 3067 consistit.
1161 3001 1215 3066 Ad
1242 3021 1281 3067 ea
1303 3023 1390 3088 quse,
1415 2996 1495 3066 etc¹

276 3079 424 3196 mm
447 3101 533 3168 Oum
579 3104 683 3190 igitur
720 3101 857 3168 celebris
895 3103 1060 3169 memoriae
1097 3102 1261 3168 Dominus
1297 3103 1495 3188 wolone)

278 3212 423 3264 musore
446 3227 553 3292 nuper
574 3205 850 3293 Archiepiscopus
873 3211 985 3271 noster
1016 3205 1267 3272 (lantuariensis
1301 3203 1496 3273 inevitabile

276 3280 369 3410 ffl'p
448 3308 584 3374 solverit
613 3309 723 3376 carnis
765 3308 939 3385 tributum,
970 3307 1064 3393 cujus
1096 3309 1215 3374 enimse
1249 3309 1295 3373 sit
1330 3309 1493 3395 propitius

279 3413 308 3492 οξ
317 3428 376 3489 pre
447 3412 551 3498 ipsius
575 3411 735 3476 Conditor
757 3416 791 3475 et
813 3411 1026 3498 Redemptor,
1049 3411 1089 3477 ed
1114 3411 1209 3497 cujus
1241 3411 1439 3478 instantiam
1461 3415 1492 3474 et

278 3477 424 3595 fflffi
447 3519 598 3602 rogatum
641 3515 720 3578 dum
758 3512 868 3578 adhuc
905 3514 1044 3590 viveret,
1077 3514 1178 3599 juxta
1215 3513 1388 3600 petitionis
1426 3536 1491 3580 suae

279 3611 401 3689 ⁰3¹35⁸bt
447 3616 594 3693 formam,
617 3614 779 3702 promptis
810 3615 931 3680 animis
966 3615 1171 3681 concessistis
1206 3615 1374 3682 Willelmo
1407 3618 1491 3683 dicto

277 3677 428 3794 ffiffl
448 3717 623 3783 Perschore
645 3717 687 3782 de
712 3715 892 3794 Windesor‚
915 3718 1159 3804 consanguineo
1182 3717 1265 3784 dicti
1282 3719 1396 3804 putris,
1419 3740 1489 3786 curu

280 3811 344 3928 ἓξὲξ
384 3877 429 3926 the
447 3822 559 3908 pueris
590 3821 631 3884 de
664 3841 783 3906 genere
817 3819 1003 3885 fundatoris
1039 3819 1141 3886 vestri
1173 3821 1316 3906 gratiam
1354 3843 1489 3888 commo

279 3893 408 3995 reaudire
449 3922 552 4001 randi,
575 3927 676 4007 prout
704 3922 740 3984 in
769 3915 955 3986 vestrarum
990 3921 1138 4007 apicibus
1170 3922 1357 3988 litterarum
1390 3925 1488 3988 eidem

280 4010 420 4132 {¹312ng
449 4026 537 4112 petri
553 4025 751 4090 directarum
764 4024 910 4090 vidimus
925 4025 1087 4090 contineri
1101 4049 1109 4104 ;
1123 4025 1333 4092 devotionem
1350 4033 1487 4092 vestram

352 4093 370 4142 ⁸
449 4127 647 4214 requirimus
680 4131 716 4191 et
748 4147 910 4212 rogemus,
935 4132 975 4191 ut
1013 4126 1121 4192 dictus
1154 4125 1346 4192 Willelmus
1384 4129 1488 4215 hujus·

448 4231 540 4297 modi
581 4229 845 4293 munificentiam
896 4235 1040 4294 vestram
1078 4251 1280 4315 generosam,
1317 4231 1490 4297 liberaliter

449 4336 514 4400 sibi
545 4352 740 4408 concessam,
770 4332 989 4397 effectualiter
1027 4333 1151 4398 sentiat
1188 4333 1400 4413 fructuosam,
1438 4357 1490 4421 pro

452 4437 533 4502 dicti
572 4435 678 4522 putris
715 4435 913 4512 reverentis,
951 4435 1119 4521 vestrique
1146 4434 1281 4501 honoris
1311 4443 1347 4502 et
1383 4439 1491 4525 gratim

453 4543 642 4625 augmento,
687 4536 857 4620 nostrique
903 4536 1015 4602 devoti
1062 4538 1240 4626 rogaminis
1286 4537 1493 4616 interventu;

485 4743 493 4774 ¹
511 4740 575 4793 This
585 4737 746 4792 abbreviated
765 4737 851 4787 clause
868 4755 950 4790 seems
1002 4748 1076 4790 tenor
1094 4741 1123 4791 oi
1134 4740 1215 4792 which
1235 4743 1279 4794 the
1290 4741 1376 4794 writer
1395 4743 1436 4796 did
1454 4753 1492 4796 not

452 4829 479 4874 to
506 4821 571 4873 refer
590 4828 617 4870 to
640 4835 656 4868 n
674 4817 793 4883 previous
812 4818 896 4882 letter,
907 4819 950 4872 the
1002 4819 1076 4870 think
1087 4819 1109 4872 it
1120 4837 1257 4888 necessary
1268 4831 1296 4874 to
1307 4833 1401 4889 repent.
