3309 5859
568 917 861 968 cauwamausns.
1176 907 1237 972 261

192 1111 345 1184 vestram,
368 1109 476 1191 quoad
509 1109 809 1194 appropriationem
833 1108 1001 1194 praedictae
1024 1110 1167 1174 ecelesiae
1199 1111 1402 1175 deofwerter-

193 1208 399 1274 Westerham
422 1210 517 1275 nobis
540 1211 733 1287 faciendam,
748 1232 823 1277 cum
845 1211 927 1296 ipsis
945 1211 986 1275 de
1009 1211 1100 1276 dicta
1122 1234 1239 1299 appro-
1252 1179 1360 1298 181ξὲζὲ

191 1311 356 1394 priatione
378 1311 475 1396 plene
498 1312 694 1388 constiterit,
717 1319 825 1377 ratam
848 1314 1036 1378 cumomni
1060 1312 1316 1390 devotionether
1326 1329 1368 1364 ΜΘ

192 1417 226 1476 et
241 1424 370 1498 gratam
385 1414 507 1478 habere
523 1414 649 1492 volunt,
665 1416 790 1500 pariter
807 1422 842 1479 et
860 1421 1034 1502 acceptam.
1082 1416 1240 1495 Quocirca
1252 1379 1372 1496 ffigssffly

193 1515 388 1598 paternitati
410 1522 530 1581 vestrae
561 1517 758 1601 requirimus
788 1522 823 1581 et
857 1537 1020 1602 rogamus,
1043 1518 1140 1602 quod,
1165 1541 1239 1584 curn
1253 1513 1376 1628 ξζῑξῖθθῐ

192 1639 291 1701 super
312 1618 487 1703 praemissis
509 1639 583 1683 curn
606 1618 704 1684 dictis
727 1618 870 1683 Domino
892 1618 1004 1683 Priore
1028 1625 1062 1684 et
1085 1594 1376 1705 Capitulolhssreio„

193 1724 304 1782 vestro
336 1719 481 1783 Roffensi
520 1719 719 1805 colloquium
757 1720 941 1784 habueritis
979 1725 1014 1784 et
1051 1726 1239 1802 tractatum,
1252 1714 1388 1842 ῗξίξὶἕζθω

193 1820 321 1904 placeat
355 1821 450 1885 vobis
481 1821 545 1885 sibi
583 1819 692 1886 facere
730 1821 932 1885 mentionem
970 1821 1011 1885 de
1049 1821 1239 1907 hujusmodi
1252 1860 1385 1896 announce

192 1923 420 2001 ratificatione,
451 1924 701 2009 gratificatione,
732 1929 767 1988 et
798 1923 1025 2008 acceptatione
1059 1947 1117 2010 per
1151 1911 1409 2042 ἱρεοεὶξξὲῗὲἓῑθ

191 2025 287 2089 nobie
308 2045 484 2091 concessas.
531 2025 650 2090 Valeat
671 2031 706 2091 et
728 2026 842 2110 vigeat
865 2031 975 2090 vestra
999 2028 1181 2112 paternitas
1204 2029 1239 2092 in
1253 2051 1298 2094 ter.

192 2126 409 2212 prosperitate
449 2125 548 2204 felici.
595 2126 719 2191 Datum
760 2126 963 2206 Oantuariae,
992 2127 1038 2213 iij.
1078 2127 1240 2194 kalendas

192 2227 356 2307 danuarii,
377 2248 465 2292 anno
487 2229 631 2327 Domini
646 2241 870 2293 mcccxxv1J0.

216 2522 594 2586 aea-Arraoranero
632 2536 804 2585 eucrasia
838 2537 884 2584 nn
917 2519 1150 2598 visernacum
1186 2535 1228 2583 nr
1254 2524 1322 2575 saa.
1335 2527 1397 2576 ant.

541 2639 690 2688 norarro
713 2639 873 2688 vrcaars.
1254 2592 1367 2749 ⁸2¹3ss

235 2788 352 2852 Frater
384 2786 494 2851 Hamo
527 2785 742 2871 permissione
774 2785 891 2851 divina
913 2785 1075 2851 Roffensis
1106 2784 1238 2870 Episco-
1251 2770 1411 2922 Τὴέξὶἰὲωρ

135 2895 139 2902 ’
191 2913 261 2977 pus,
284 2888 413 2954 dilectis
443 2888 507 2951 sibi
541 2889 578 2951 in
601 2887 736 2954 Christo
767 2886 931 2973 religiosis
963 2886 1044 2950 viris
1068 2884 1173 2950 Priori
1205 2889 1402 2974 elofuocher·

192 2991 347 3077 Capitulo
379 2990 531 3056 Ecclesiae
566 2989 691 3056 Ohristi
730 2989 988 3065 Gantuariensis,
1024 2987 1165 3052 salutem
1203 2989 1239 3051 in
1253 2990 1410 3068 sainsor-

195 3094 336 3158 Domino
352 3092 594 3178 sempiternam.
641 3091 744 3156 Gesta
767 3091 907 3156 mirifica
930 3089 1066 3176 gloriosi
1090 3059 1386 3173 Martiasssffimn

191 3196 334 3272 Thomas,
357 3195 415 3280 qui
439 3217 498 3280 pro
528 3194 683 3258 libertate
707 3193 861 3259 Ecclesiae
885 3192 1055 3268 seruanda,
1079 3213 1117 3256 ae
1139 3192 1238 3256 bono·
1251 3191 1411 3306 ffilqhsffa

190 3320 263 3362 rum
287 3304 321 3362 et
339 3297 468 3383 jurium
490 3295 638 3382 ejusdem
669 3283 824 3372 tuitione,
846 3295 920 3359 dira
951 3293 1142 3358 carnificum
1166 3315 1238 3357 ver·
1253 3323 1369 3373 convent

192 3402 270 3466 bera
302 3406 336 3484 et
369 3398 510 3463 vulnera
540 3419 609 3462 non
640 3397 830 3472 formidans,
860 3397 922 3460 sub
951 3395 1063 3482 palma
1096 3395 1239 3460 martirii
1252 3389 1392 3507 {effic-on

1324 3491 1332 3516 ,
1393 3485 1401 3498 ,

192 3505 387 3570 Sanctorum
422 3501 603 3566 reverendo
635 3499 773 3585 collegio
807 3499 929 3563 meruit
960 3500 1142 3585 aggregari,
1165 3498 1239 3583 pul·
1252 3529 1358 3573 senato

191 3614 267 3674 sant
289 3608 454 3670 instanter
476 3610 511 3669 et
533 3605 682 3669 excitant
705 3607 850 3667 mentem
874 3607 1032 3680 nostram,
1049 3607 1087 3667 ut
1101 3601 1239 3666 eandem
1252 3589 1401 3733 ἒξξὸζίῐὲῐέῑξο

192 3709 371 3776 Ecclesiam
409 3705 637 3792 spiritualibus
674 3704 844 3770 beneficiis
881 3703 1088 3789 ampliamus,
1121 3721 1364 3790 grac11s1t0fthe

191 3831 427 3899 prosequamur
460 3807 627 3883 uberibus,
661 3811 696 3870 et
728 3806 909 3871 honoribus
942 3804 1118 3891 praecipuis
1140 3805 1239 3871 attol-
1253 3788 1398 3904 ἓξὲξ-οἷ

190 3915 304 3990 lamus,
336 3911 408 3996 ejus
439 3909 628 3994 dampnosis
661 3907 846 3984 eventibus
880 3905 1073 3992 dispendiis,
1106 3911 1141 3970 et
1168 3906 1238 3990 jac·
1252 3920 1401 4051 {1333ququ

91 4036 95 4044 ’
191 4018 285 4092 turis,
315 4014 463 4101 paternis
496 4012 617 4077 studiis
648 4011 822 4076 obviando.
882 4009 1044 4095 Exposita
1078 4008 1239 4093 siquidem
1253 4055 1376 4105 omen,

190 4119 286 4185 nobis
321 4125 432 4181 vestra
463 4115 583 4202 petitio
614 4113 815 4189 continebat,
840 4112 928 4198 quod
952 4109 1100 4175 Ecclesia
1130 4115 1342 4186 vestrabricge

192 4224 335 4307 dampna
366 4217 483 4305 gravia
513 4216 675 4282 sustinuit
698 4221 732 4279 et
756 4215 902 4278 sustinet
925 4214 960 4276 in
992 4213 1156 4298 praesenti,
1183 4189 1377 4304 proffinteff'

191 4347 228 4391 eo
251 4321 339 4408 quod
371 4319 527 4406 temporis
561 4323 719 4404 operante
754 4316 894 4391 malicia,
918 4314 1136 4401 possessiones
1167 4335 1240 4378 vee-
1253 4335 1322 4370 same
1333 4319 1397 4370 time

191 4434 251 4492 trae
282 4423 410 4488 steriles
437 4421 509 4506 jam
540 4421 673 4495 effectae,
696 4418 825 4484 fructus
861 4417 956 4481 vobis
990 4437 1058 4479 non
1092 4388 1405 4517 afferunt{¹⁰¹‚{{¹1{¹0‘',lu'a⁸l

191 4534 370 4595 consuetos.
417 4523 458 4586 In
489 4523 574 4587 bona
609 4520 711 4586 eciam
744 4526 855 4585 vestra
877 4525 911 4584 et
934 4518 1088 4583 Ecclesiae
1120 4525 1238 4584 vestrae
1252 4519 1408 4636 ”ssoeffffeiss

191 4634 227 4696 in
261 4627 413 4715 partibus
444 4625 620 4689 maritimis
652 4623 836 4687 constituta
869 4621 990 4686 fluctus
1025 4620 1125 4684 maris
1158 4620 1237 4684 insi·
1251 4595 1388 4716 {0⁰,ppffif

190 4735 326 4798 luerunt
347 4735 382 4793 et
404 4727 565 4803 insiliunt,
589 4726 648 4789 illa
681 4746 740 4810 pro
762 4745 884 4809 magna
906 4729 999 4808 parte
1031 4721 1236 4806 dissipantes.
1250 4719 1369 4849 gm-

191 4834 351 4918 Quodque
383 4830 539 4896 animalia
571 4835 690 4904 vestra,
710 4827 896 4917 ¹pestilenti
930 4825 1050 4904 morbo¹
1076 4845 1375 4910 pertrussa„-1(1„f<,r
1437 4879 1439 4884 ,
