3309 5859
498 931 789 982 csrrurumvsss
1107 920 1171 983 513

56 1113 230 1182 valens
252 1119 382 1198 habere,
397 1121 573 1206 praedictos
589 1121 756 1186 Abbatem
780 1125 815 1185 et
837 1119 1058 1198 Conventum,
1072 1142 1173 1208 super

61 1213 213 1284 dictis
251 1222 403 1300 ecclesiis,
436 1223 541 1302 bonis,
560 1223 705 1309 juribus,
729 1229 765 1288 et
796 1223 945 1308 personis
977 1223 1172 1288 Monasterii

64 1324 298 1400 memorati,
320 1330 355 1390 et
376 1325 451 1390 aliis
475 1347 573 1411 super
596 1325 718 1410 quibus
741 1330 819 1389 sunt
835 1326 934 1391 dictae
950 1324 1171 1410 exemptionis

67 1422 289 1512 privilegio
312 1428 516 1505 communiti,
538 1433 609 1494 tam
632 1429 668 1492 in
691 1428 829 1494 civitate
868 1433 903 1494 et
925 1428 1060 1494 ‹lioecesi
1085 1427 1172 1494 Can-

68 1527 340 1595 tuariensibus
372 1552 472 1616 quam
504 1537 611 1606 extra,
645 1535 679 1595 et
712 1535 827 1596 contra
859 1531 1104 1617 exemptionem
1137 1535 1172 1594 et

74 1627 291 1718 privilegia
329 1633 527 1719 supradicta,
566 1632 758 1706 molestavit
794 1637 829 1698 et
877 1633 1099 1718 perturbavit,
1137 1639 1172 1697 et

77 1729 224 1796 adhuc
255 1733 419 1812 molestat,
456 1739 568 1812 vexat,
596 1741 631 1799 et
662 1734 840 1820 perturbat
871 1735 1003 1800 eosdem
1024 1734 1172 1820 aliasque

81 1852 272 1915 personas
294 1837 341 1901 eis
364 1837 539 1922 subjectas,
554 1857 612 1902 seu
629 1837 727 1902 dictis
742 1836 927 1923 privilegiis
942 1837 1172 1913 communitae,

84 1935 258 2015 citando,
281 1939 519 2025 citationesque
543 1961 645 2024 vagas
679 1944 714 2005 et
747 1939 892 2005 incertas
925 1939 968 2004 ad
1001 1940 1075 2006 loca
1096 1939 1201 2003 ubi--

86 2058 257 2124 cumque
280 2041 442 2107 fueritin
466 2062 526 2105 sua
557 2040 737 2128 provincia,
769 2041 943 2118 monendo,
976 2041 1174 2118 mandando,

88 2139 292 2220 visitando,
316 2148 479 2229 quantum
502 2142 538 2207 in
561 2163 600 2207 eo
622 2147 681 2218 est,
704 2145 739 2206 et
761 2163 931 2228 processus
953 2142 1036 2207 alios
1058 2162 1118 2227 per
1140 2163 1175 2206 se

91 2249 140 2308 et
171 2245 256 2310 alios
277 2245 438 2322 faciendo,
460 2243 687 2309 subtrahendo
719 2243 822 2309 etiam
855 2244 903 2308 eis
938 2244 1118 2310 advocatos
1141 2247 1177 2309 et

95 2346 313 2411 tabelliones
336 2347 459 2411 eisdem
490 2346 643 2410 assistere
676 2345 760 2410 alias
794 2345 946 2410 volentes
980 2366 1041 2431 pro
1063 2345 1177 2409 defen-

95 2447 209 2513 sione
241 2449 461 2534 exemptionis
493 2453 527 2512 et
560 2447 726 2512 libertatis
763 2447 1008 2532 praedictarum,
1042 2450 1177 2532 propter

101 2571 203 2634 quae,
227 2571 285 2614 seu
317 2549 430 2634 aliqua
463 2571 505 2615 ex
539 2547 716 2634 praedictis,
739 2547 808 2613 fuit
839 2553 874 2612 et
906 2553 965 2626 est,
988 2570 1047 2634 pro
1082 2553 1176 2635 parte

101 2651 283 2716 dictorum
305 2651 450 2717 Abbatis
472 2655 507 2716 et
530 2650 734 2727 Conventus,
757 2651 860 2715 etiam
884 2651 1008 2737 saepius
1032 2650 1076 2716 ad
1099 2672 1178 2716 eau-

103 2753 194 2818 dem
217 2752 337 2818 Sedem
360 2752 585 2839 appellatum
609 2752 763 2836 quodque
786 2752 876 2817 idem
898 2752 1177 2839 Archiepiscopus

105 2855 399 2942 appellationibus
436 2853 628 2941 hujusmodi
674 2854 805 2920 differre
852 2876 920 2922 non
964 2861 1070 2934 curat,
1115 2855 1175 2920 sed

109 2957 252 3023 eosdem
274 2958 443 3024 Abbatem
466 2962 501 3022 et
525 2956 738 3022 Conventum
771 2977 809 3022 ac
844 2958 997 3024 subditos
1020 2963 1056 3024 et
1076 2978 1175 3044 poro-

108 3061 256 3127 chianos
290 3081 373 3138 suos,
408 3061 455 3125 eis
487 3064 527 3124 ut
558 3059 777 3145 praemittitur
812 3059 1031 3137 adhaerentes,
1062 3066 1179 3126 contra

112 3162 306 3252 privilegia,
339 3163 577 3248 exemptiones,
600 3167 635 3227 et
666 3160 905 3248 appellationes
936 3162 1119 3248 praedictas,
1141 3164 1179 3226 in

114 3287 235 3330 eorum
288 3286 446 3350 magnum
491 3264 719 3350 praejudicium
764 3285 903 3350 gravare
948 3285 1018 3329 non
1063 3269 1179 3330 cessat.

116 3368 232 3448 Quare
255 3367 350 3432 nobis
373 3367 474 3432 iidem
497 3367 611 3432 Abbas
634 3372 669 3432 et
692 3365 887 3432 Conventus
909 3366 1086 3432 humiliter
1100 3389 1179 3453 sup-

116 3469 301 3555 plicarunt,
323 3474 365 3533 ut
388 3469 560 3554 providere
583 3469 630 3534 eis
663 3489 762 3554 super
795 3468 974 3554 praemissis
998 3469 1039 3535 de
1061 3490 1178 3555 oppor-

118 3579 206 3636 tuno
228 3571 374 3636 remedio
396 3577 536 3656 paterna
568 3570 743 3656 diligentia
775 3591 971 3636 curaremus
1019 3570 1180 3652 Quocirca

120 3672 312 3737 discretioni
335 3677 403 3740 tuae
426 3693 485 3757 per
506 3671 711 3758 appostolioa
734 3671 862 3758 scripta
884 3675 1122 3740 committimus
1144 3679 1180 3739 et

122 3774 329 3850 mandamus,
352 3774 518 3859 quatinus,
541 3773 667 3839 vocatis
690 3774 747 3858 qui
770 3773 898 3839 fuerint
920 3777 1087 3854 evocandi,
1110 3798 1179 3841 om-

124 3898 183 3941 nes
215 3881 250 3941 et
281 3876 430 3963 singulas
452 3897 584 3943 oausam
607 3898 665 3941 seu
700 3897 815 3942 causas
850 3879 1085 3964 appellationis
1122 3899 1180 3943 seu

125 3977 386 4063 appellationum
409 3978 612 4064 hujusmodi,
636 3999 696 4064 pro
728 3983 823 4064 parte
858 3977 1005 4063 ipsorum
1037 3978 1180 4043 Abbatis

127 4087 163 4144 et
184 4078 380 4145 Conventus
402 4100 441 4145 ac
472 4080 682 4145 subditorum
717 4100 862 4154 suorum,
892 4080 1181 4164 parochianorum-

131 4205 193 4269 que
216 4182 425 4248 ecclesiarum
456 4204 591 4246 suarum
625 4182 689 4246 sibi
721 4181 973 4259 adhaerentium,
995 4182 1038 4247 ad
1071 4182 1182 4246 sedem

131 4287 380 4370 interjectarum
419 4285 566 4361 eandem,
599 4305 619 4348 a
654 4282 906 4370 gravaminibus
943 4289 978 4348 et
1014 4283 1183 4368 injuriosis

131 4388 343 4476 processibus,
367 4387 463 4453 lactis
486 4386 646 4452 stilletis
669 4408 727 4472 per
749 4385 927 4471 praefatum
956 4385 1183 4471 Archiepisco·

131 4513 218 4578 pum,
234 4495 269 4555 et
292 4491 374 4555 alios
396 4511 455 4554 suo
478 4490 621 4566 nomine,
643 4489 680 4551 in
702 4488 850 4574 ipsorum
873 4488 1016 4554 Abbatis
1039 4493 1073 4552 et
1097 4487 1183 4553 Con-

132 4597 251 4658 ventus
274 4592 490 4670 subditorum,
514 4611 552 4656 ac
586 4591 872 4675 parochianorum,
896 4595 930 4654 et
962 4589 1127 4654 libertatis
1149 4594 1184 4654 et

133 4693 348 4779 exemptionis
372 4693 454 4758 dicti
477 4692 670 4757 Monasterii
703 4699 738 4757 et
760 4692 982 4756 membrorum
1005 4692 1076 4776 ejus
1100 4713 1185 4776 prae·

129 4797 289 4884 judicium
326 4801 366 4860 ut
403 4795 604 4882 praefertur3
639 4815 767 4860 necnon
804 4815 936 4860 causam
974 4814 1033 4858 seu
1070 4815 1184 4859 causas

231 4920 257 4971 U
290 4921 385 4970 alato.
974 4913 1000 4960 K
1023 4913 1049 4961 Κ
