3309 5859
561 899 853 957 omrusnmesna
1166 897 1230 962 235

156 1072 240 1182 'per
260 1100 509 1182 procuratorem
533 1096 703 1186 [curavit].
748 1095 882 1174 Tamen,
904 1118 974 1176 nos,
996 1097 1145 1164 fraterno
1167 1097 1231 1163 sibi

179 1197 418 1284 compatientes
440 1198 570 1276 affectu,
585 1219 647 1284 pro
671 1197 779 1263 salute
800 1198 921 1264 animae
944 1221 1023 1276 suae,
1038 1221 1105 1285 qua
1127 1199 1231 1264 nichil

182 1305 241 1365 est⁴
267 1299 446 1385 optabilius
480 1300 517 1363 in
551 1298 614 1365 hac
637 1299 718 1375 vita,
740 1299 919 1386 praefatum
943 1301 1115 1378 Thomam,
1138 1301 1166 1365 si
1189 1300 1233 1366 ad

182 1404 415 1468 monasterium
447 1403 571 1468 reverti
605 1402 759 1480 voluerit,
786 1403 890 1487 juxta
924 1403 1020 1468 Beati
1058 1403 1231 1469 Benedicti

180 1507 346 1593 regularia
368 1506 494 1570 ordinis
517 1506 684 1583 instituta,
708 1511 752 1582 et,
765 1507 949 1572 secundum
972 1507 1075 1592 ipsius
1098 1506 1233 1572 Thomas

180 1609 384 1675 humilitatis
415 1609 551 1675 modum
589 1614 624 1675 et
653 1609 781 1688 merita,
818 1610 1022 1696 recipiemus.
1085 1610 1130 1676 Et
1175 1633 1234 1697 per

182 1711 283 1777 aliam
305 1711 401 1776 viam*
418 1712 528 1798 ipsum
550 1713 694 1798 recipcre
715 1733 783 1777 non
814 1711 1028 1790 intendimus,
1051 1718 1151 1798 prout
1173 1734 1233 1778 nec

182 1839 356 1905 possumus
390 1839 452 1884 nec
474 1818 640 1894 debemus,
660 1817 763 1902 juxta
799 1817 967 1905 regulares
1004 1818 1233 1884 observantias

160 1906 214 1985 'et
250 1926 439 1986 sanctorum
477 1925 612 2006 patrum
657 1921 830 1986 canonicas
875 1923 1072 1988 sanctiones.
1128 1921 1232 1986 Decet

179 2022 285 2108 igitur
318 2029 353 2088 et
393 2023 539 2109 expedit,
574 2045 635 2109 pro
665 2023 772 2088 salute
803 2023 925 2088 animae
958 2023 1041 2090 dicti
1087 2023 1231 2101 Thomas,

181 2126 271 2213 quod
292 2127 403 2213 ipsum
426 2125 598 2204 Thomam,
619 2125 721 2211 juxta
734 2123 842 2192 officii
864 2126 968 2191 vestri
992 2126 1150 2204 debitum,
1173 2149 1232 2212 per

181 2234 309 2294 vestras
339 2227 469 2294 litteras
502 2229 660 2294 canonice
682 2229 845 2294 moneatis
868 2235 902 2293 et
937 2228 1111 2312 efficaciter
1133 2229 1231 2294 indu·

180 2332 273 2408 catis,
295 2331 384 2417 quod
417 2331 462 2396 ad
485 2330 676 2408 Ecclesiam,
699 2330 741 2395 de
772 2352 839 2416 qua
860 2331 932 2396 sine
954 2352 1053 2397 causa
1078 2332 1230 2418 legitima

180 2454 287 2521 nuper
308 2433 450 2510 recessit,
475 2434 589 2497 redeat
622 2431 771 2497 indilate.
818 2431 863 2497 Et
894 2453 955 2498 nos
977 2433 1086 2519 parati
1110 2434 1232 2498 erimus
1319 2481 1323 2490 .

177 2536 290 2621 ipsum
312 2535 457 2622 recipere
483 2535 587 2619 juxta
608 2534 750 2601 formam
773 2534 1008 2621 praescripm
1054 2534 1175 2601 Valeat
1198 2543 1232 2600 et

177 2638 291 2726 vigeat
322 2641 434 2704 vestra
473 2637 657 2722 paternitas
679 2638 810 2720 [sancta
847 2637 884 2702 in
917 2636 1057 2704 Christo.
1103 2638 1231 2704 Datum

177 2740 215 2804 in
247 2739 403 2826 Capitulo
441 2744 555 2806 nostro
592 2739 688 2804 xix¹¹⁰
734 2738 788 2804 die
815 2739 988 2826 ‚Augusti
1020 2760 1109 2806 anno
1155 2738 1232 2806 Dni.

178 2856 447 2910 M⁰ccc¹¹¹⁰xxvla
494 2876 500 2888 ·

180 3129 447 3198 226.-Dou1no
494 3127 632 3192 'lucum
679 3143 726 3190 nr
763 3127 930 3192 Gnossnn
977 3129 1137 3212 [vrosmo
1182 3146 1228 3194 or
1285 3140 1355 3189 1327.

522 3232 662 3295 Arason
685 3229 881 3315 Bocnruo}
1243 3255 1366 3310 Μ,

222 3408 382 3475 Salutem.
428 3405 663 3471 Intelleximus
687 3426 730 3470 ex
751 3404 861 3470 relatu
882 3405 972 3489 quod
994 3427 1063 3485 voe,
1078 3403 1228 3472 adventu
1241 3396 1389 3514 fffhjslgissaf

177 3511 291 3579 Sancti
327 3507 473 3596 Spiritus
495 3507 674 3574 salubriter
706 3506 849 3584 visitati,
882 3507 982 3592 hujus
1017 3510 1119 3575 seculi
1158 3516 1228 3575 tur-
1243 3531 1372 3596 noenu&

174 3615 286 3680 binam
310 3613 505 3688 deserentes,
520 3614 646 3676 sanctae
660 3609 831 3696 religionis
854 3609 1007 3675 habitum
1030 3633 1098 3677 non
1120 3613 1227 3676 solum
1240 3599 1383 3714 meree

176 3709 367 3783 interiorem
390 3715 447 3778 sed
481 3713 678 3778 exteriorem
712 3713 945 3798 assmnpsistis.
993 3713 1067 3779 Hac
1100 3716 1228 3781 ratione
1241 3737 1383 3797 patronage

177 3819 270 3897 moti,
293 3839 336 3883 ex
374 3817 497 3883 affectu
536 3837 597 3880 vos
642 3835 797 3902 rogamus
834 3817 995 3900 quatinus
1030 3819 1230 3902 quamcitius
1241 3797 1273 3914 ἓξ
1274 3799 1323 3924 {pe
1332 3800 1400 3852 eon.

178 3920 333 4010 poteritis
355 3941 415 3984 nos
438 3917 620 3984 certificare
641 3917 765 3995 velitis
787 3918 817 3983 si
840 3919 998 3985 vicariam
1022 3920 1063 3984 de
1090 3920 1228 4006 Aysscb,
1243 3930 1339 3995 having
1350 3949 1391 3982 as-
1444 3911 1446 3916 ’

178 4044 285 4111 nuper
306 4026 346 4086 ut
377 4020 500 4086 dicitur
522 4025 677 4098 vestram,
715 4020 752 4084 in
778 4041 898 4086 manus
929 4021 1104 4107 dyocesani
1127 4023 1230 4087 vestri
1243 3999 1388 4139 {gffssffflutshe

177 4125 371 4214 resignastis
401 4123 456 4187 vel
501 4123 668 4208 resignare
714 4121 835 4188 velitis.
881 4123 927 4187 Et
964 4124 992 4188 si
1031 4124 1085 4202 sic,
1131 4146 1230 4210 super
1241 4130 1322 4188 haut,
1333 4147 1355 4180 ιε

178 4228 370 4317 hujusmodi
384 4227 654 4314 resignationem,
671 4247 709 4291 ac
724 4247 823 4313 super
832 4226 938 4312 ipsius
954 4227 1036 4292 dicti
1051 4227 1230 4313 dyocesani
1240 4197 1370 4314 pppepfieoyr

176 4334 450 4420 acceptationem,
496 4330 781 4416 approbationem,
814 4335 849 4393 et
890 4329 1133 4407 admissionem,
1171 4331 1391 4417 pert⁰t⁸k0th0

179 4439 311 4503 litteras
342 4433 529 4498 autenticas
559 4437 593 4497 et
629 4431 761 4496 litteras
786 4437 923 4508 vestras,
946 4431 1001 4495 vel
1039 4432 1101 4497 sub
1128 4411 1375 4526 manussssffi?

178 4539 313 4628 publica
326 4558 388 4602 nos
409 4536 482 4600 sine
497 4556 589 4600 mora
601 4533 731 4620 placeat
753 4533 956 4615 certificare3
979 4534 1119 4600 scientes
1141 4537 1230 4622 quod
1242 4529 1374 4646 pprisying

179 4667 240 4711 nos
262 4648 297 4709 et
318 4640 501 4707 confratres
524 4638 632 4704 nostri
653 4637 845 4723 aliqualiter
867 4659 1041 4723 possumus
1063 4639 1229 4718 admirari,
1242 4613 1404 4714 0330ch

178 4747 268 4836 quod
290 4744 357 4811 tale
388 4742 658 4811 certificatorium
692 4741 788 4806 nobis
823 4741 957 4806 mittere
980 4740 1141 4808 hactenus
1163 4731 1365 4808 nonoenefice.

179 4850 329 4923 curastis
374 4846 638 4934 Verumptamen
660 4845 698 4911 in
719 4844 782 4912 hac
803 4849 900 4932 parte
915 4845 1089 4924 defectum,
1104 4846 1134 4912 si
1156 4847 1232 4932 quis
