3309 5859
590 928 882 985 esurummusrs.
1177 918 1240 981 153

190 1118 303 1179 temen
325 1115 363 1179 in
384 1138 438 1181 me
459 1116 553 1182 fallat
578 1116 710 1192 oblivio,
733 1122 768 1181 et
791 1115 870 1201 quia
888 1114 976 1200 juris
998 1135 1072 1178 sum
1094 1114 1240 1199 ignarus,

190 1214 276 1298 licet,
299 1218 386 1283 sicut
407 1218 572 1297 asseritur,
588 1218 630 1283 de
652 1218 740 1284 facto
763 1240 836 1283 meo
858 1216 969 1281 forsan
992 1221 1119 1302 agatur,
1135 1213 1241 1278 multa

190 1324 270 1383 sunt
301 1320 479 1406 proposita,
511 1325 546 1385 et
577 1342 735 1407 magnum
770 1339 957 1384 sermonem
991 1318 1173 1393 continent,
1204 1317 1241 1378 in

190 1422 456 1506 responsionibus
480 1422 562 1487 meis
607 1474 614 1487 .
662 1474 669 1486 .
715 1417 738 1487 .’
769 1472 776 1486 .
824 1472 831 1485 .
878 1419 919 1484 de
934 1419 998 1484 levi
1017 1440 1144 1504 possem
1160 1416 1243 1502 capi,

191 1523 308 1610 decipi,
341 1531 376 1589 et
407 1524 567 1603 oblivisci,
605 1531 640 1590 et
674 1546 781 1589 errare
819 1522 975 1589 contrarii
1015 1521 1242 1607 respondendo

189 1646 390 1711 quamquam
436 1628 477 1692 de
537 1628 598 1693 hoc
642 1648 710 1693 non
756 1672 1244 1691 ..........

192 1777 200 1791 .
246 1778 254 1792 .
301 1779 307 1792 .
354 1728 376 1793 ‚¹
421 1728 528 1813 Unde,
559 1730 588 1795 si
621 1728 847 1815 responsiones
879 1748 961 1791 meae
991 1725 1132 1790 firissent
1169 1745 1244 1790 cum

192 1830 428 1897 deliberatione
465 1832 563 1898 factae
607 1854 665 1897 seu
704 1832 840 1908 emissae,
877 1850 1024 1915 personae
1064 1850 1146 1893 meae
1183 1848 1245 1891 nec

192 1935 296 1999 statui
318 1957 391 2001 meo
414 1936 598 2002 necetiam
620 1958 664 2021 po
711 1982 1041 1999 .......
1086 1931 1244 2017 ejusdem,
1285 1998 1289 2004 ,

191 2034 263 2101 Deo
301 2037 409 2115 dante,
457 2036 646 2123 aliqualiter
694 2036 974 2122 praejudicaretur.
1036 2034 1165 2099 Idcirco
1201 2055 1244 2097 ne

192 2143 312 2204 vestrae
346 2140 541 2225 paternitati
573 2139 755 2225 displiceat,
793 2137 1027 2225 protestationi
1065 2137 1244 2222 praemissae
1320 2156 1326 2169 ·

192 2237 332 2305 firmiter
377 2234 577 2318 inhaerendo,
620 2245 697 2326 peto
744 2240 874 2325 copiam
911 2244 1152 2325 compertorum
1187 2260 1245 2303 seu

192 2341 404 2421 detectorum,
439 2351 474 2408 et
505 2342 593 2407 diem
631 2348 874 2428 competentem
911 2341 955 2406 ad
993 2340 1244 2406 deliberandum

192 2442 278 2509 circa
310 2445 497 2530 praemisse;
531 2444 610 2530 quia
642 2444 755 2529 aliqua
792 2441 895 2508 michi
932 2442 1076 2508 laterent
1110 2463 1184 2527 quae
1218 2442 1246 2504 si

192 2552 301 2612 essent
322 2548 499 2633 praemissa,
523 2546 639 2611 habita
661 2545 899 2611 deliberatione
922 2545 1086 2632 diligenti,
1109 2544 1247 2608 minime

191 2655 356 2726 nocerent,
379 2670 449 2729 nec,
473 2650 575 2715 etiam
599 2648 741 2734 oblique,
765 2648 866 2713 michi
890 2669 950 2712 nec
963 2696 971 2711 .
984 2648 1090 2712 statui
1113 2669 1187 2712 meo
1211 2647 1248 2710 in

193 2750 305 2837 aliquo
327 2751 589 2837 praejudicarent.
636 2750 717 2817 Peto
750 2750 851 2817 etiam
886 2752 1022 2816 nomina
1044 2771 1156 2815 eorum
1191 2770 1250 2833 per

194 2876 276 2939 quos
299 2841 488 2921 contra'me
511 2861 561 2921 est
583 2854 790 2940 inquisitum.

198 3135 493 3202 rea--Lmamos
515 3135 654 3201 Dorum
680 3135 847 3201 Wrnrrm
870 3136 1143 3201 Aacnrsrrsoorr
1166 3154 1249 3202 cou-
1285 3161 1390 3222 (1325.)
1424 3149 1429 3156 ’

353 3254 420 3303 rae
458 3253 660 3303 camrunuu
699 3237 934 3302 Noewmausn
972 3255 1163 3303 exaremus
1209 3256 1291 3347 mh
1308 3302 1385 3348 lm

354 3340 470 3407 CURIA
492 3340 647 3405 ROMANA
670 3356 753 3405 POST
787 3354 1036 3405 VISITATIONEM
1082 3358 1148 3406 SIBI
1188 3358 1248 3406 NE·

355 3458 481 3507 GATAM.

243 3600 361 3667 Geram
384 3594 479 3664 vobis
512 3598 691 3663 venerabili
726 3600 798 3663 viro
833 3600 977 3666 Domino
1010 3602 1183 3671 Jencelino
1207 3608 1247 3671 de
1260 3601 1387 3653 rhetiae!

198 3704 383 3781 Cassanhis,
407 3703 578 3787 utriusque
597 3701 683 3785 juris
707 3702 894 3787 professore,
926 3726 964 3768 ac
986 3703 1123 3772 Domini
1146 3708 1247 3795 Papae
1260 3670 1345 3785 prppe

198 3806 374 3891 capellano,
408 3812 442 3869 et
464 3824 579 3868 causae
627 3802 844 3889 infrascriptae
891 3806 1052 3883 auditore,
1091 3812 1246 3896 proponit
1259 3801 1422 3878 humperto

198 3916 390 3993 procurator
412 3905 608 3973 venerabilis
632 3906 735 3991 patris
751 3906 891 3971 Walteri
915 3908 979 3971 Dei
1001 3913 1110 3995 gratie
1134 3914 1247 3977 Archi·
1261 3870 1418 3997 ῗὲἑὲῗιῖξῗῑ

198 4011 343 4097 episcopi
361 4008 616 4084 Cantuariensis,
638 4009 856 4093 procurator-ii
879 4010 1021 4089 nomine,
1044 4034 1103 4097 pro
1127 4015 1249 4093 eodem,
1262 4000 1409 4117 {retrahor

199 4120 235 4177 et
269 4114 367 4179 dicit:
395 4110 547 4197 quamvis
585 4108 743 4174 canonica
775 4110 975 4188 obedientia,
1007 4113 1178 4199 subjectio,
1217 4124 1252 4182 et
1264 4082 1364 4181 εἶχε

198 4216 394 4292 reverentia,
429 4211 606 4287 institutio,
641 4216 675 4275 et
707 4211 889 4289 destitutio,
925 4214 1074 4280 visitatio
1112 4200 1379 4314 quoqueffimffi

198 4317 364 4395 eorrectio,
386 4306 588 4392 ieiormatio,
611 4319 646 4377 et
676 4313 807 4399 punitio
840 4314 1023 4389 crinrinum,
1048 4317 1252 4398 delictorum,
1265 4330 1365 4404 (tylis

199 4423 236 4482 et
250 4439 439 4484 excessuum
458 4435 733 4502 quorumeunque,
745 4414 963 4501 poenitentiae,
973 4427 1252 4487 sacramentorum
1265 4397 1389 4525 gf'mff'

178 4521 349 4588 ,omnium
387 4541 461 4605 qum
509 4516 552 4582 ab
586 4518 737 4602 episcopo
775 4516 964 4602 recipienda
997 4525 1076 4585 sunt
1108 4522 1252 4603 collati0,
1266 4480 1395 4579 villader

198 4643 338 4687 censura
361 4619 585 4696 ecelesiastica,
609 4625 643 4681 et
674 4618 810 4702 insuper
844 4639 1015 4684 causarum
1038 4624 1186 4688 emnium
1210 4628 1252 4692 ad
1266 4596 1426 4712 diffissa

389 4860 395 4893 ¹
416 4862 445 4909 lu
458 4862 528 4909 these
540 4864 608 4922 parts
620 4857 664 4907 the
676 4857 734 4909 MS.
747 4856 768 4907 is
780 4860 914 4924 destroyed
926 4861 960 4924 by
973 4861 1060 4927 decay.
