3309 5859
415 886 435 947 2
851 896 989 949 LITERAE

412 1090 429 1119 ‘¹
453 1083 626 1156 omittetis,
691 1084 954 1152 Praemunientes
1003 1084 1151 1150 Priorem
1197 1088 1233 1149 et
1270 1080 1465 1171 Capitulum

412 1193 430 1221 ‘¹
454 1184 607 1253 Ecclesiae
645 1192 766 1253 vestrse
810 1185 1074 1265 cantuariensis,
1120 1207 1159 1252 ac
1195 1184 1464 1261 Archidiaoonos,

412 1296 430 1323 “
452 1293 627 1375 totumquo
651 1288 784 1355 Clerum
806 1293 931 1355 vestras
952 1287 1124 1365 dioecesis,
1139 1287 1229 1374 quod
1251 1286 1353 1352 iidem
1368 1284 1465 1351 Prior

411 1399 428 1427 ‘⁴
449 1396 483 1458 et
504 1391 742 1459 Archidisconi
766 1392 802 1456 in
824 1391 968 1479 propriis
991 1390 1146 1479 personis
1173 1390 1250 1467 suis,
1273 1410 1313 1455 ac
1334 1387 1463 1455 dictum

411 1502 429 1531 “
451 1492 646 1581 Capitulum
668 1514 727 1583 per
749 1516 862 1575 unum,
885 1494 1040 1581 idemque
1062 1492 1179 1559 Clerus
1199 1514 1260 1581 per
1281 1492 1366 1559 dnos
1387 1512 1464 1577 pro·

411 1604 427 1631 “
451 1602 619 1665 curatores
641 1597 785 1675 idoneos,
808 1597 943 1684 plenam
965 1603 1000 1663 et
1021 1594 1239 1663 sufficientem
1261 1599 1462 1683 potestatem

410 1706 428 1733 “
450 1700 494 1765 ab
516 1700 596 1786 ipsis
619 1697 776 1780 Cepitulo
809 1705 845 1765 ct
877 1698 973 1767 Clero
1002 1698 1137 1764 divisim
1170 1697 1341 1775 babentes,
1362 1696 1461 1763 dictis

409 1808 426 1835 “
450 1801 504 1867 die
527 1809 561 1868 et
582 1802 653 1868 loco
675 1801 892 1888 personaliter
920 1801 1087 1879 intersint,
1109 1800 1154 1867 ad
1185 1800 1460 1867 consenciendum

411 1912 426 1939 “
450 1902 515 1969 hiis
546 1926 621 1991 quse
647 1904 771 1969 ibidem
802 1910 885 1970 tunc
916 1904 958 1971 de
980 1905 1148 1971 communi
1183 1904 1320 1969 consilio
1354 1902 1461 1989 ipsius

410 2011 427 2039 “
451 2006 544 2093 regni
578 2010 701 2083 nostra,
738 2006 854 2073 divina
884 2005 1020 2073 favente
1057 2006 1244 2084 clemencia,
1281 2005 1460 2091 contigerit

411 2115 428 2143 “
451 2108 604 2175 ordinari.
650 2109 747 2175 Teste
769 2110 895 2196 meipso
924 2110 1013 2196 apud
1036 2108 1365 2175 westmonasterium
1388 2107 1460 2193 xxj.

411 2220 427 2245 “
450 2212 503 2276 die
526 2210 716 2277 Decembris
738 2232 825 2277 anno
848 2212 942 2299 regni
965 2212 1070 2277 nostri
1085 2211 1252 2298 septimo.'’
1298 2211 1460 2292 Quocirca

408 2334 468 2378 vos
508 2326 621 2379 tenore
653 2315 869 2401 praesentium
907 2315 1153 2403 praemunimus,
1192 2313 1352 2399 quatinus
1398 2335 1459 2379 vos

408 2414 550 2481 Domine
573 2416 667 2481 Prior
688 2416 725 2480 in
747 2418 882 2503 propria
903 2437 1043 2504 persona
1064 2422 1188 2496 vestra,
1201 2438 1241 2483 ac
1262 2415 1458 2502 Capitulum

408 2540 593 2603 perunum
615 2523 861 2605 procuratorem
883 2519 1060 2607 ydoneum,
1082 2518 1216 2604 plenam
1239 2524 1274 2585 et
1295 2518 1459 2584 sufficien-

408 2624 475 2684 tem
498 2624 695 2706 potestatem
717 2644 738 2685 s
760 2622 855 2687 vobis
877 2620 1065 2697 habentem,
1079 2619 1228 2706 praefatis
1250 2619 1305 2686 die
1327 2626 1363 2685 et
1386 2620 1458 2687 loco

407 2723 443 2787 in
465 2722 553 2789 dicto
574 2722 669 2790 brevi
692 2726 865 2803 contentis,
888 2724 1106 2811 personaliter
1127 2724 1298 2803 intersitis,
1313 2724 1357 2789 ad
1380 2747 1458 2790 oon·

405 2826 616 2891 senciendum
639 2826 705 2891 hiis
727 2849 802 2915 quse
830 2827 953 2893 ibidem
976 2832 1016 2891 ut
1037 2826 1261 2913 praemittitur
1274 2826 1459 2914 contigerit

405 2927 558 2995 ordinari.
621 2928 665 2993 Et
699 2930 781 3015 quid
810 2930 847 2994 in
890 2928 1068 3015 praemissis
1098 2929 1207 2995 facere
1244 2928 1457 2996 decreveritis

404 3052 464 3095 nos
494 3030 579 3097 citra
609 3031 731 3097 festum
754 3032 997 3098 Purificationis
1029 3032 1143 3097 Beatae
1166 3030 1282 3099 Merite
1304 3032 1457 3119 proxime

403 3132 555 3199 futurum
578 3133 688 3199 debite
712 3134 891 3201 certificare
914 3133 1044 3201 curetis.
1099 3134 1226 3200 Datum
1249 3136 1286 3199 in
1308 3137 1456 3203 manerio

403 3243 515 3302 nostro
539 3236 579 3301 de
603 3236 825 3323 Msydenston
847 3236 937 3324 xijmo
960 3238 1013 3304 die
1035 3238 1158 3303 mensis
1179 3236 1334 3305 Januarii
1366 3260 1456 3307 anno

403 3336 548 3415 Domini,
572 3340 626 3404 bc

233 3622 264 3671 1¹·
279 3618 361 3670 ¹⁴⁷⁶·
403 3630 632 3697 2.-L1rrnas
646 3649 939 3700 onsrrrrcsroma
960 3651 1007 3700 ns
1022 3634 1276 3703 Pasnmumrro
1298 3654 1341 3703 rr
1363 3638 1454 3705 Pno-

485 3750 714 3801 cuslrosruu
736 3752 803 3801 rao
822 3752 941 3802 sonnu
963 3753 1029 3803 son
1052 3754 1126 3803 mro
1148 3739 1369 3807 Oourmmro.

229 3904 359 3957 Fornuls
444 3906 635 3973 Venerabili
673 3910 709 3973 in
733 3908 870 3975 Christo
907 3911 998 3997 patri
1031 3910 1209 3998 W(altero)
1244 3912 1309 3980 Dei
1341 3917 1452 4003 gratis

228 3994 632 4129 ffifflpllsntuariensi
654 4010 909 4099 Archiepiscopo
940 4018 1001 4079 etc.
1024 4014 1139 4083 devoti
1160 4016 1223 4081 filii
1255 4016 1451 4107 H(em·icus)

227 4128 340 4181 suus
396 4114 491 4179 Prior
514 4119 548 4179 et
572 4112 768 4199 Capitulum
791 4119 865 4193 etc,
880 4115 1102 4195 salutemetc.
1146 4118 1291 4187 Litteras
1302 4125 1451 4207 peterni-

226 4210 361 4327 iffi
395 4217 476 4283 tatis
498 4220 627 4294 vcstrae,
643 4217 783 4303 septimo
810 4217 865 4282 die
889 4218 1080 4285 Decembris
1104 4222 1256 4307 proximo
1278 4228 1450 4309 preterito

226 4343 355 4380 summoue
393 4318 584 4405 recepimus,
615 4318 776 4384 habentes
810 4324 959 4387 tenorem
997 4323 1240 4411 subscriptum:
1283 4325 1450 4396 waltemus

223 4402 343 4527 ffilugh.
388 4418 624 4507 promissione,
656 4427 710 4487 eto.
757 4420 829 4486 Nos
852 4422 956 4508 igitur
989 4425 1032 4490 ad
1066 4428 1342 4494 „officiendum
1373 4432 1448 4510 hiis,

222 4528 355 4605 tpesrch-
390 4544 475 4609 quae
498 4523 536 4587 in
566 4524 707 4591 instanti
730 4523 954 4593 Perliamento
984 4529 1039 4593 vel
1072 4528 1335 4618 Congregatione
1358 4533 1448 4601 Cleri

222 4594 378 4724 ffi'ffip'
391 4626 571 4692 Londoniis
603 4626 647 4691 ad
679 4627 839 4693 honorem
874 4628 939 4695 Dei
961 4636 996 4695 et
1018 4631 1174 4699 Eoolesiae
1205 4644 1241 4700 et
1262 4636 1448 4704 utilitatem

222 4728 495 4793 rr0⁰²01⁸t0totius
532 4727 729 4813 reipuplioae,
760 4729 801 4795 de
851 4732 1018 4797 communi
1055 4734 1192 4801 oonsilio
1230 4742 1266 4803 et
1310 4759 1448 4807 assensn

219 4804 506 4931 {figffisslfflvestro
536 4850 575 4896 ac
597 4828 813 4897 Praelstorum
837 4839 873 4899 et
901 4834 991 4901 Cleri
1013 4837 1194 4922 provincie
1217 4844 1338 4909 vestrae
1361 4842 1447 4912 Cen-
