3309 5859
466 866 761 918 esurusnrnrsns.
1098 855 1163 919 451

63 1065 123 1130 in
170 1067 337 1134 omnibus
375 1067 505 1133 casibus
550 1066 645 1134 vobis
687 1065 885 1147 reseruatis3
931 1067 989 1132 sed
1036 1072 1158 1145 tamen,
1171 1075 1238 1126 nom
1248 1073 1289 1152 ¹¹³?

68 1167 148 1233 die
176 1169 276 1235 detae
298 1169 502 1255 subscriptae,
527 1191 586 1257 per
608 1170 643 1234 Τ.
660 1170 701 1234 de
725 1169 760 1234 E.
778 1168 988 1235 domicellum
1011 1175 1159 1234 vestrum
1171 1143 1300 1258 {ffnffl

68 1267 245 1335 latorem
289 1271 511 1356 praesentium,
544 1270 652 1356 recepi
682 1269 812 1336 litteras
849 1262 987 1335 vvestras
1016 1273 1283 1356 potesta-hitherto

73 1375 167 1434 tem
194 1393 306 1438 meam
323 1371 419 1438 valde
434 1373 679 1458 restringentes,
694 1393 768 1457 quae
790 1372 935 1458 gemitus
949 1371 1044 1456 quasi
1059 1371 1160 1437 michi
1169 1341 1290 1456 fficpt

73 1475 282 1539 continuos
327 1474 516 1540 intulerunt
528 1499 536 1554 ;
581 1495 663 1560 quas
708 1473 840 1539 litteras
884 1474 979 1539 vobis
1024 1475 1160 1538 remitto
1172 1473 1255 1552 Arch-

77 1593 219 1638 earnm
243 1575 371 1661 copiam
394 1575 541 1640 retinens
575 1597 677 1661 penes
707 1597 768 1640 me.
816 1575 861 1640 Et
883 1576 1058 1640 advertere
1087 1538 1296 1664 dig-gffissffis

80 1681 204 1740 netur
227 1686 341 1742 vestra
363 1679 523 1744 sanctitas
557 1677 656 1762 quod,
679 1677 788 1742 neseio
821 1677 905 1762 quin
936 1677 1056 1743 fratres
1087 1676 1161 1753 mei,
1174 1668 1329 1748 dimensum

86 1777 237 1862 Spiritu
263 1777 386 1844 Sancte
409 1777 573 1864 inspirati,
595 1778 755 1844 accedent
786 1779 831 1844 ed
853 1799 907 1844 me
937 1736 1289 1852 11111111(τοι1ίί-ἷῖἶῃῦἷιέἇο

87 1879 200 1943 tendi
224 1881 331 1945 vitam
354 1901 457 1957 suem,
480 1885 516 1945 et
537 1885 619 1944 tunc
653 1879 750 1945 valde
773 1880 949 1944 taediosum
972 1878 1075 1945 michi
1098 1879 1309 1986 eritg’g'g'fffi'}ed

91 1979 215 2046 dictos
237 1980 355 2046 fratres
378 1980 548 2047 dimittere
582 1981 721 2045 interius
754 1980 927 2058 desolatos,
950 2001 1010 2066 pro
1032 1980 1270 2066 absolu-bytho
1375 1978 1379 1986 ’

91 2081 210 2146 tionis
233 2083 393 2149 beneficio
425 2104 492 2148 non
515 2082 676 2162 obtent0;
700 2103 739 2149 ac
762 2081 873 2160 etiem,
904 2082 1028 2148 esidem
1051 2081 1163 2147 fratri·
1176 2066 1310 2184 ξοζᾷξοῑᾞ

94 2185 170 2250 bus
205 2208 280 2272 quae
312 2186 544 2252 intollerabilis
578 2186 743 2272 angustia,
766 2207 836 2263 vos,
859 2185 1055 2273 proaliquo
1084 2149 1201 2252 cesue
1252 2169 1259 2183 ’

95 2287 204 2352 vobis
237 2297 414 2362 reservato,
453 2288 490 2352 in
529 2287 682 2374 pertibus
719 2287 911 2374 longinquis
948 2286 1165 2372 personaliter

98 2388 256 2454 visitare.
302 2389 347 2454 Et
369 2388 453 2464 ideo,
476 2408 536 2475 pro
567 2409 678 2453 amore
700 2387 783 2453 Jesu
807 2387 943 2464 Christi,
966 2391 1086 2453 vestrae
1108 2388 1166 2453 bc·

99 2489 221 2576 nignes
243 2490 438 2576 paternitati
471 2489 642 2554 humiliter
674 2488 831 2576 supplico,
855 2488 1014 2574 quatinus
1037 2488 1166 2575 placeat

102 2591 207 2656 vobis
229 2591 329 2658 miehi
352 2591 486 2656 mittere
509 2592 658 2676 privatas
680 2591 812 2656 litteras
835 2596 976 2666 vestras,
992 2590 1166 2656 continen-

105 2701 164 2760 tes
187 2694 274 2779 quod
298 2693 425 2759 valeam
449 2693 626 2770 absolvere,
649 2693 721 2759 vice
745 2698 866 2770 vestra,
889 2714 1003 2758 omnes
1035 2698 1070 2758 et
1103 2693 1168 2757 sin-

107 2795 207 2882 gulos
229 2795 406 2860 confratres
429 2815 529 2873 meos,
552 2799 587 2860 et
616 2794 794 2859 monachos
816 2792 987 2880 praedictae
1014 2793 1170 2860 Ecclesia)

108 2897 298 2974 vestraein
322 2897 475 2962 omnibus
498 2895 627 2962 casibus
650 2895 927 2982 qualitercunque
950 2895 1045 2962 vebis
1062 2917 1169 2961 reser-

110 3000 223 3077 vatis3
244 3004 279 3063 et
300 3004 381 3064 tunc
403 2998 550 3084 quietem
572 2997 679 3064 cordis
702 2997 777 3074 mei,
801 3002 836 3062 et
869 3019 929 3083 per
963 3019 1169 3082 consequens

113 3101 331 3177 devotionem,
354 3099 508 3187 poteritis
530 3098 698 3184 ampliare.
744 3099 997 3185 Beneplacitum
1020 3105 1170 3164 vestrum

114 3225 214 3289 super
234 3202 300 3267 hiis
321 3206 357 3266 et
378 3201 463 3278 aliis,
485 3200 685 3286 quamcitius
717 3200 887 3265 commode
921 3201 1086 3286 poteritis,
1111 3223 1171 3287 per

116 3306 259 3390 aliquem
282 3303 560 3369 intervenientem
575 3301 766 3368 renuntiare
790 3302 903 3367 velitis
925 3302 1027 3368 michi
1049 3308 1169 3368 vestro.

116 3407 234 3471 Valeat
255 3410 290 3471 et
311 3426 464 3492 prospere
496 3405 609 3490 vigeat
633 3409 744 3469 vestre
776 3403 959 3469 reverenda
980 3405 1169 3491 paternitas

118 3509 158 3573 in
179 3507 314 3573 Christe.
360 3505 436 3572 Dat.
460 3505 616 3572 Oantuar.
641 3517 680 3569 x⁰
711 3504 765 3569 die
800 3503 927 3590 Aprilis
961 3504 1024 3569 sub
1057 3506 1169 3590 sigillo

120 3631 192 3676 mee
212 3609 349 3696 privato,
372 3608 451 3692 quia
473 3605 676 3694 praecepistis
699 3604 799 3671 michi
823 3606 912 3692 quod
945 3605 1040 3671 vobis
1070 3608 1169 3672 mode

122 3717 240 3778 secreto
262 3710 470 3777 voluntatem
492 3730 599 3776 meam
623 3707 821 3774 intimarem.

128 4005 199 4069 430.
213 4040 255 4052 -
278 4001 430 4067 ernnn
490 4001 628 4065 Domur
689 3998 839 4064 Surours
895 4001 1168 4068 Ancnmrmcom
1207 4022 1238 4073 u
1253 4019 1324 4086 spru

273 4118 479 4170 surnlnren
512 4117 692 4166 nxroumrs
727 4117 821 4166 oren
855 4101 991 4166 Dourur
1026 4119 1168 4168 cornus·
1207 4091 1312 4153 (¹⁸⁸²)·

275 4221 404 4270 srouun
425 4219 505 4279 eun
528 4217 711 4267 scnrnrrun
733 4217 770 4266 ru
794 4217 917 4266 carun
939 4219 1054 4268 nurus
1076 4220 1212 4271 101111.
1226 4224 1256 4271 rs
1269 4233 1295 4269 a.

275 4321 448 4372 sreunrru
471 4319 621 4370 rruvsro
645 4318 780 4368 sremno
802 4319 877 4369 suo.

175 4467 314 4536 Salutem
337 4489 412 4534 eum
435 4465 661 4532 benedictione
677 4463 741 4528 Dei
759 4469 793 4528 et
808 4470 928 4530 nostra.
975 4464 1065 4545 Quid
1080 4468 1169 4552 apud
1183 4468 1238 4544 Tpe
1250 4467 1333 4517 Arch-

132 4571 277 4637 Lamhith
299 4591 405 4657 nuper
427 4569 521 4633 vobis
542 4567 757 4632 concessimus
789 4565 825 4629 in
859 4566 1017 4631 memoria
1048 4570 1172 4635 recenti
1182 4534 1300 4664 iffi„

134 4673 288 4749 hebentes,
312 4669 572 4736 commissionem
594 4672 742 4737 nostram
774 4665 871 4731 vebis
902 4667 1113 4748 remittimus,
1135 4671 1172 4734 in
1185 4667 1317 4730 theseope

135 4773 220 4838 nulla
239 4776 289 4838 sui
310 4785 402 4858 perte
425 4773 600 4846 mutatam,
623 4767 689 4846 sed,
713 4765 755 4832 ad
779 4767 1013 4835 conscientiam
1027 4775 1171 4838 vestram
1184 4733 1333 4851 illigent

937 4884 1040 4946 rr2
