3309 5859
426 948 489 1013 136
870 963 1005 1014 nissen

424 1146 499 1236 Roy
520 1156 555 1215 el
586 1172 622 1215 su
654 1150 785 1217 chartre
820 1150 861 1216 de
883 1149 1063 1237 purchaeer
1084 1169 1105 1213 a
1128 1149 1187 1235 luy
1210 1154 1247 1213 et
1268 1170 1289 1213 a
1312 1168 1367 1212 ses
1399 1167 1472 1211 suc·

422 1272 567 1317 cessours
599 1252 645 1317 les
676 1259 867 1319 tenemenlc
902 1274 942 1339 qe
964 1252 989 1316 il
1019 1253 1063 1317 ad
1095 1250 1261 1338 purchace
1283 1250 1325 1314 de
1358 1254 1471 1313 nostre

422 1352 472 1419 fes
503 1354 538 1418 in
563 1352 737 1442 Horslegh,
761 1376 862 1420 saure
892 1354 1058 1439 cheseuny
1080 1353 1177 1429 droit,
1200 1352 1348 1441 ysemble
1371 1374 1413 1437 qe
1441 1350 1474 1414 le

422 1454 496 1541 Roy
519 1478 560 1521 ne
593 1456 663 1521 deit
686 1456 750 1519 mic
781 1456 881 1521 seiser
911 1478 953 1521 ne
975 1455 1115 1542 prendre
1148 1477 1190 1521 en
1212 1476 1250 1520 sa
1280 1474 1393 1539 meyn,
1413 1473 1475 1539 par

421 1556 453 1621 la
475 1578 569 1621 reson
585 1557 639 1623 del
661 1563 787 1623 estatut
808 1558 850 1622 de
874 1564 979 1623 morte
993 1579 1103 1645 meyn,
1125 1557 1172 1623 les
1194 1557 1265 1621 diu
1286 1560 1475 1621 tenemenlz

422 1682 462 1745 qe
496 1660 649 1745 levesque
681 1659 724 1724 ad
758 1658 920 1745 purchace
954 1661 996 1725 de
1028 1665 1139 1725 nostre
1171 1660 1232 1737 see,
1266 1679 1363 1744 apres
1400 1657 1465 1731 lan,

422 1764 451 1826 si
485 1784 568 1827 nous
611 1762 784 1827 souffroms
825 1784 865 1849 qe
897 1762 928 1827 le
961 1763 1012 1828 dit
1045 1782 1188 1849 evesque
1223 1761 1335 1848 puisse
1368 1780 1475 1843 meyn-

422 1887 535 1933 overer
557 1888 578 1931 u
599 1872 709 1931 nostre
733 1865 868 1931 volente
890 1872 925 1932 et
947 1888 1008 1953 pur
1029 1873 1140 1931 nostre
1174 1865 1337 1929 suffrance
1360 1884 1403 1929 en
1425 1862 1472 1925 les

421 1969 491 2033 diez
515 1974 712 2046 tenementz‚
735 1972 769 2033 et
792 1967 874 2033 faire
896 1988 918 2032 a
939 1988 1023 2033 nous
1056 1968 1164 2045 fealte,
1188 1975 1281 2033 sente
1304 1966 1347 2031 de
1368 1970 1474 2039 court,

422 2080 456 2137 ct
488 2077 574 2137 tetes
608 2092 755 2137 maneres
790 2077 977 2137 coustumes
999 2077 1034 2137 et
1065 2071 1207 2136 services
1241 2092 1282 2155 qe
1316 2069 1351 2134 la
1383 2074 1471 2133 terre

421 2197 503 2241 nous
526 2177 615 2263 deyt,
638 2176 757 2241 sicome
780 2197 825 2239 un
848 2174 932 2241 altre
955 2175 996 2241 dc
1026 2197 1089 2240 noz
1111 2180 1249 2239 lenantz
1273 2174 1314 2238 de
1335 2173 1472 2237 meisme

420 2278 450 2344 le
473 2280 609 2345 manoir.
656 2279 698 2344 Et
722 2301 785 2364 pur
807 2300 864 2345 ceo
886 2286 992 2346 meles
1015 2284 1102 2345 cesle
1125 2278 1222 2344 chose
1245 2300 1286 2341 en
1309 2276 1473 2341 suffrance

419 2386 495 2446 tant
518 2404 557 2467 qe
581 2403 663 2447 vous
687 2403 766 2465 eyes
797 2380 889 2467 parle
911 2404 933 2447 a
956 2404 1047 2447 nous
1093 2370 1209 2446 Dones
1229 2401 1252 2445 a
1276 2378 1472 2444 Canterbire

418 2482 449 2547 le
472 2483 516 2569 xj.
536 2484 614 2569 jour
635 2484 676 2549 de
699 2482 834 2549 Januer.

1345 2669 1461 2680 ...—

288 2782 376 2899 2312?
479 2786 873 2852 145.-Dnvacsr10nn
896 2804 1066 2852 uccnnnu
1089 2802 1136 2851 nr
1160 2786 1415 2852 Gonnursnsu.

249 2964 279 3013 L.
294 2962 373 3015 raso.
465 2949 613 3017 Salutem
652 2970 751 3037 quam
798 2950 871 3016 sibi.
926 2953 982 3017 Ad
1020 2952 1248 3017 diversitatem
1295 2970 1468 3036 corporum

247 3088 303 3137 'me
316 3086 389 3137 Prior
418 3054 569 3138 sequitur
593 3053 767 3119 diversitas
790 3055 1015 3133 voluntatum,
1037 3062 1072 3121 et
1103 3055 1178 3119 ideo
1212 3054 1336 3118 diversi
1360 3052 1469 3115 diver·

247 3152 393 3220 suspecrmg
416 3154 543 3221 simodo
566 3155 724 3233 sentiunt,
746 3158 782 3221 in
819 3157 931 3221 dubiis
963 3156 1156 3243 frequenter
1187 3156 1325 3243 decepti.
1372 3153 1468 3229 Sane,

245 3220 356 3353 &gilli
417 3259 496 3343 quia
519 3258 657 3323 ultimus
679 3264 786 3325 rector
816 3258 960 3329 ecclesius
982 3261 1023 3325 de
1048 3258 1295 3329 Godmersham.
1320 3257 1467 3324 cantua-

245 3362 396 3471 ffi‘ffiqe
417 3361 532 3426 niensis
569 3361 727 3439 dioecesis,
762 3382 849 3425 anno
881 3368 915 3425 et
951 3362 1091 3427 dimidio
1127 3364 1200 3447 jam
1234 3362 1346 3447 elapso
1379 3360 1467 3425 diem

244 3486 387 3537 charchas
416 3484 511 3527 suum
550 3464 669 3530 eleusii
702 3468 897 3542 extremum,
929 3470 1028 3551 prout
1060 3466 1279 3530 communiter
1316 3468 1468 3529 asserunt

243 3554 385 3669 ffiffl·
415 3564 561 3649 ejusdem
585 3564 728 3630 ecelesiae
752 3564 951 3650 parochiani,
966 3566 1065 3632 multi
1088 3566 1253 3632 mirantur
1266 3566 1357 3651 quod
1378 3566 1468 3631 dicta

246 3686 357 3749 through
414 3665 549 3731 ecclesia
562 3672 658 3732 tento
672 3674 818 3752 tempore
841 3669 976 3733 vacavit
998 3668 1122 3754 absque
1143 3672 1277 3747 rectore,
1293 3673 1329 3732 el
1351 3668 1468 3732 dieunt

247 3752 291 3801 me
304 3751 385 3801 Arch-

246 3818 360 3881 bishop’s

414 3788 482 3831 non
516 3768 612 3853 pauci
645 3768 732 3853 quod
771 3774 903 3854 tempus
935 3769 1071 3834 Domini
1101 3768 1349 3856 Archiepiscopi
1367 3769 1468 3859 ⁴infra

247 3886 344 3951 neglect
415 3871 503 3957 quod
528 3870 651 3936 dictam
676 3870 844 3935 eeclesiam
881 3872 1000 3937 debuit
1030 3871 1211 3938 contulisse
1233 3872 1386 3937 totaliter
1415 3878 1466 3936 est

243 3952 370 4079 {ffiff
415 3972 583 4052 effluxum,
608 3978 643 4038 et
669 3972 726 4059 jus
762 3973 960 4059 providendi
994 3973 1101 4040 eidem
1131 3974 1276 4041 ecclesias
1298 3975 1366 4040 istu
1394 3976 1467 4040 vice

246 4085 356 4135 consults
369 4102 385 4134 a
410 4075 511 4160 juxla
533 4076 705 4142 canonicus
728 4076 914 4142 sanctiones
936 4082 988 4141 est
1016 4077 1060 4141 ad
1082 4077 1165 4143 alios
1188 4076 1404 4159 devolutum
1432 4084 1466 4143 et

245 4167 373 4268 llillllin
415 4178 494 4263 quia
537 4176 668 4243 difficile
712 4178 807 4243 nobis
847 4183 899 4243 est
935 4178 1078 4265 singulis
1112 4178 1190 4243 inde
1237 4179 1465 4245 scisilantibus

243 4284 374 4360 ecelesias
413 4279 541 4365 aliquid
578 4286 703 4345 ceruum
742 4279 778 4343 in
823 4280 979 4367 ambiguo
1016 4280 1222 4367 respondere,
1255 4280 1463 4347 dilectionem

242 4352 372 4401 ²¹⁰²¹¹⁸¹¹
412 4388 559 4447 vestram
582 4380 782 4466 requirimus
804 4388 840 4446 cl
862 4403 1027 4468 rogamus,
1058 4384 1219 4468 quatinus
1252 4382 1295 4447 de
1329 4386 1465 4449 certitu·

412 4483 489 4548 (line
527 4488 635 4549 status
674 4482 820 4568 ejusdem
853 4483 1009 4566 eeclesiae,
1040 4490 1074 4549 el
1109 4484 1191 4570 quid
1222 4491 1333 4549 actum
1365 4492 1415 4563 est
1442 4509 1462 4549 a

410 4593 559 4673 tempore
582 4585 695 4651 ultimi
726 4586 862 4652 rectoris
895 4587 1043 4672 ejusdem
1076 4588 1236 4663 defuncti,
1257 4586 1373 4653 velitis
1403 4610 1461 4653 nos

410 4712 469 4776 per
501 4690 639 4756 latorem
671 4690 884 4774 praesentium
906 4690 1037 4775 plenius
1059 4688 1245 4768 informare,
1269 4691 1349 4775 quia
1377 4693 1462 4757 sicut

412 4794 521 4878 plures
546 4793 605 4857 alii
637 4812 751 4856 sumus
785 4791 925 4871 inoerli3
956 4792 1035 4877 quia
1067 4813 1129 4857 nec
1162 4797 1277 4869 rector,
1309 4814 1370 4859 nec
1402 4794 1461 4858 ali·
1540 4787 1544 4791 “

412 4895 505 4980 cujus
521 4900 619 4961 certio
642 4916 792 4981 personae
814 4899 1010 4979 procurator
1032 4916 1091 4959 seu
1112 4896 1320 4981 negotiorum
1343 4902 1462 4981 gestor,
