3309 5859
576 964 870 1015 caurumunusns.
1208 952 1252 1016 99

199 1166 329 1248 effectu,
351 1190 393 1234 ne
416 1169 454 1232 in
486 1162 725 1253 praejudicium
746 1167 1001 1253 jurisdictionis,
1031 1166 1169 1254 jurium,
1191 1189 1250 1232 seu

197 1267 365 1335 libertatis
387 1274 575 1335 vestrarum
607 1273 642 1333 et
665 1268 820 1335 Ecclesiae
844 1273 965 1334 vestrae
989 1267 1249 1344 Cantuariansis,

197 1372 339 1458 adquae
378 1370 596 1449 defendenda,
629 1372 812 1449 retinenda,
844 1376 879 1437 et
910 1372 1145 1447 conservande,
1174 1392 1251 1456 pro·

198 1472 333 1553 litando,
367 1476 563 1562 jurumento
599 1474 760 1561 corporali
794 1473 1011 1561 solempniter
1033 1474 1192 1561 praestito,
1215 1496 1250 1538 se

196 1578 364 1657 astrinxit,
389 1577 493 1644 nichil
527 1582 707 1664 attemptet
738 1579 793 1643 vel
825 1576 1025 1665 attemptari
1056 1576 1159 1643 faciat
1189 1598 1248 1641 seu

196 1688 359 1767 procuret
406 1682 452 1747 Et
488 1704 531 1746 ex
562 1682 750 1748 abundanti
788 1683 934 1770 expedit,
969 1687 1009 1747 ut
1045 1681 1190 1761 videtur,
1212 1680 1249 1745 in

195 1788 355 1848 eventum
394 1783 595 1849 contrarium
634 1784 905 1870 provocationem
951 1784 1061 1849 facere
1098 1782 1169 1849 loco
1215 1788 1249 1847 et

195 1890 345 1972 tempore
377 1886 583 1972 opportunis,
630 1886 751 1953 Valeat
790 1892 825 1953 at
862 1887 977 1973 vigeat
998 1891 1113 1951 vestra
1134 1892 1250 1951 sancta

195 1989 381 2072 paternitas
403 1988 447 2053 ad
469 1989 617 2075 regimen
640 1989 796 2055 Ecclesiae
830 2010 899 2054 suae
922 1994 1053 2054 sanctae.
1101 1988 1191 2053 Data
1214 1989 1249 2052 in

194 2088 352 2175 Capitulo
385 2096 499 2157 nostro
532 2092 674 2178 septimo
698 2092 753 2158 die
778 2092 962 2170 Februarii,
985 2114 1073 2157 anno
1104 2092 1249 2169 Domini,

195 2191 410 2258 accomoda

383 2300 403 2339 ἢ

324 2485 511 2571 lon-[Da
534 2502 682 2552 uncorro
705 2486 885 2551 donamus
907 2502 954 2552 na
977 2485 1121 2569 anns]
1298 2465 1388 2582 ἳξῖζῑῖ·

240 2650 389 2716 Salutem
417 2672 516 2737 quam
548 2650 619 2733 sibi
667 2650 835 2715 Mittimus
866 2650 961 2715 vobis
983 2650 1244 2737 inquisitionem,
1260 2648 1290 2700 L.
1305 2655 1389 2703 12⁵a·

193 2753 235 2817 de
269 2754 426 2820 mandato
459 2753 596 2818 Domini
630 2754 735 2821 nostri
758 2752 1008 2819 Cantuariensis
1040 2776 1147 2840 nuper
1167 2773 1243 2838 cap·
1260 2802 1347 2852 Later
1353 2802 1420 2851 from

194 2861 265 2919 tam
308 2878 367 2943 per
410 2854 592 2921 Officialem
630 2854 864 2920 Archidieconi
906 2853 1169 2933 Centauroma-
1201 2855 1242 2920 de
1260 2868 1389 2919 chorraei

189 2960 509 3047 transgressionibus
525 2966 560 3025 et
580 2959 712 3046 injuriis
729 2959 817 3025 dicto
840 2960 926 3046 patri
945 2966 980 3025 ct
1003 2960 1157 3026 Ecclesiae
1173 2981 1241 3025 suae
1257 2937 1397 3052 fflf'ffi}

194 3061 429 3127 cantuariensi
452 3061 555 3127 illatis
588 3065 623 3125 et
655 3061 785 3147 negatis
816 3083 877 3148 per
908 3061 1096 3128 «Iohannem
1120 3061 1243 3127 Lewes.
1257 3069 1342 3145 treb-

192 3162 281 3229 Item
313 3164 479 3228 mittimus
510 3163 607 3227 vobis
641 3184 745 3227 unum
778 3163 958 3228 articulum
989 3185 1115 3229 novum
1153 3163 1243 3228 dicto
1258 3136 1402 3252 {fflssff

191 3266 341 3332 Johenni
373 3248 603 3353 objiciendum,
626 3288 700 3353 quae
733 3268 845 3333 omnia
876 3267 1096 3332 Auditoribus
1130 3288 1243 3331 causa·
1260 3268 1419 3333 cerningthe

190 3392 267 3435 rum
291 3370 400 3436 Curiae
424 3370 504 3435 dicti
527 3367 663 3434 Domini
686 3371 792 3435 nostri
815 3370 1075 3447 Cantuariensis‚
1091 3370 1242 3456 proximo
1258 3351 1318 3453 ἔξω
1302 3336 1401 3453 1235ss

191 3474 247 3537 die
280 3471 423 3557 juridico
468 3476 558 3558 post
588 3470 709 3536 festum
756 3472 818 3539 Sci.
857 3472 1037 3550 Valentini,
1081 3472 1242 3551 tradatis3
1259 3469 1414 3545 dmm·

189 3574 333 3641 sciantes
356 3574 445 3660 quod
475 3574 571 3639 vobis
603 3574 774 3640 referimus
805 3580 915 3661 grates
949 3536 1381 3666 multasprocir·{,¹1⁸1¹m{2¹{¹'

190 3682 382 3765 cumspecta
416 3675 591 3763 diligentia
633 3682 744 3743 vestra
777 3679 930 3765 apposita
965 3682 1000 3743 et
1035 3678 1242 3765 apponenda,
1257 3685 1357 3748 accom-

189 3803 252 3867 pro
275 3779 465 3865 hujusmodi
488 3779 803 3867 transgressionibus
826 3780 980 3866 dampnis
1002 3786 1038 3845 et
1068 3780 1242 3866 injuribus,
1257 3737 1406 3854 peapprectne

190 3883 284 3947 dicto
316 3882 408 3945 Patri
441 3886 476 3945 et
510 3880 666 3947 Ecclesiae
698 3885 821 3947 nostrae
856 3882 1092 3948 Oantnariansi
1114 3884 1243 3947 notorie

186 3984 305 4061 illatis,
327 3984 445 4047 merito
469 3983 653 4069 puniendis
699 3984 816 4051 Valete
842 3986 928 4051 sicut
950 3985 1060 4050 valere
1074 3984 1243 4051 vellemus.

189 4088 284 4169 Quid
306 4093 418 4151 autem
457 4086 546 4152 dicto
580 4086 632 4151 die
665 4092 775 4152 actum
807 4086 909 4152 suerit
938 4110 1036 4174 super
1067 4088 1244 4174 praemissis

186 4192 298 4268 nobis,
335 4211 410 4255 cum
450 4190 617 4255 commode
654 4190 840 4275 potueritis
880 4190 1087 4255 rescribatur.
1154 4191 1244 4255 Data

186 4292 385 4361 Cantuariae
412 4291 491 4376 viijo
516 4290 779 4377 diedFebruarii
804 4313 892 4357 anno
925 4292 1003 4357 Dni.
1025 4291 1241 4357 ncommods

183 4396 361 4463 Mittimus
406 4392 501 4457 vobis
538 4390 730 4479 decalogum
768 4394 1002 4480 sterlingorum
1049 4415 1108 4479 pro
1147 4394 1242 4457 novis

182 4497 317 4565 botulis
338 4496 496 4560 emendis.
