3309 5859
499 916 791 970 carrussmnsns.
1109 904 1174 969 443

66 1109 264 1177 Ricardo
299 1110 406 1177 Priori
429 1109 583 1177 Ecclesiae
618 1115 741 1176 nostrae
764 1107 893 1176 Christi
917 1107 1172 1176 Oantuariensie
1184 1110 1297 1190 aree·-

71 1213 261 1278 salutem
296 1233 372 1279 cum
406 1212 639 1279 benedictione
662 1215 696 1277 et
729 1211 840 1298 gratia
871 1210 1067 1277 Salvatoris.
1113 1211 1169 1276 In·
1184 1177 1318 1306 ξξξξῖξζ,

71 1311 309 1378 telleximus
340 1312 471 1379 litteras
504 1318 634 1378 vestras
668 1333 727 1398 per
748 1311 868 1377 harum
890 1309 1042 1396 bajulum
1074 1311 1335 1377 nobismdrepnes

76 1415 341 1497 transmissas,
363 1415 486 1501 quibus
520 1414 676 1502 rogastis,
697 1413 794 1481 vobis
818 1419 852 1478 et
868 1412 1025 1500 Capitale
1055 1375 1337 1493 nostmfflm

79 1517 324 1602 conjunctim
355 1539 415 1605 per
448 1538 509 1583 nos
542 1516 643 1584 scribi
674 1538 735 1603 pro
766 1515 911 1582 instanti
941 1515 1171 1602 parliamento,
1182 1507 1262 1584 {⁰¹¹ss
1270 1526 1320 1561 ⁰¹¹⁰

78 1621 209 1706 juxta
251 1641 388 1699 morem,
426 1626 467 1687 ut
504 1613 702 1698 asseruistis,
740 1620 902 1685 hactenus
939 1579 1326 1699 Observatumfflegoou

89 1727 307 1788 asserentes
343 1723 489 1810 insuper,
527 1727 645 1790 contra
682 1723 858 1808 antiquam
896 1722 1172 1787 consuetudinem
1184 1707 1267 1759 “¹¹⁶¹-

91 1825 207 1890 vobis
249 1823 315 1891 hae
351 1825 425 1892 vice
457 1826 617 1913 scriptum
650 1824 840 1912 separatim,
875 1823 1072 1910 Capitulum
1105 1845 1173 1888 non

95 1927 375 2014 complectendo,
422 1928 552 2010 Quibus
575 1928 699 1995 litteris
721 1927 874 2013 receptis,
896 1925 1035 1992 fecimus
1057 1927 1175 1992 statim

98 2031 262 2096 scrutari
293 2034 404 2095 totum
438 2029 617 2117 registrum
652 2029 743 2116 quod
775 2033 848 2094 erat
879 2029 969 2114 apud
1003 2049 1074 2108 nos,
1105 2032 1176 2092 tam

100 2131 150 2195 de
184 2135 342 2216 tempore
373 2131 652 2218 praedacessorum
686 2134 878 2195 nostrorum
916 2149 1017 2214 quam
1051 2133 1177 2207 nostro,

102 2255 172 2300 nec
195 2234 314 2320 potuit
339 2233 486 2300 inveniri
508 2235 546 2300 in
568 2234 694 2312 eodem,
709 2235 746 2298 in
769 2253 848 2299 casu
871 2232 934 2298 tali
957 2232 1057 2297 aliter
1079 2232 1176 2297 vobis

105 2336 289 2422 scriptum,
312 2358 413 2423 quam
434 2337 472 2402 in
493 2337 648 2424 proximo
670 2336 874 2423 scripsimus
895 2335 1104 2420 temporibus
1126 2356 1177 2400 re·

109 2436 267 2505 troactis.
313 2438 474 2504 Miramr
506 2438 608 2506 etiam
630 2438 668 2502 in
698 2439 899 2502 immensum
922 2436 963 2501 de
994 2435 1177 2523 prudentia

110 2543 240 2617 vestra,
274 2539 362 2626 quod
396 2540 437 2605 de
471 2538 761 2627 aequipollentibus
795 2558 866 2603 non
902 2536 1041 2603 videtur
1078 2538 1175 2604 vobis

114 2639 267 2706 sufficere
297 2641 370 2707 fieri
402 2641 545 2707 alterum
577 2641 619 2707 de
654 2641 793 2707 duobus.
840 2639 912 2706 Nec
935 2639 1174 2720 intelleximus,

115 2763 180 2829 pro
213 2747 312 2822 serto,
346 2765 407 2830 per
438 2745 638 2830 scripturam
671 2743 774 2810 talem
808 2742 930 2808 honori
964 2747 1077 2807 vestro
1114 2747 1175 2808 aut

120 2844 271 2930 Capituli
301 2844 418 2925 nostri,
450 2845 548 2912 novit
578 2845 678 2924 Deus,
700 2845 738 2909 in
771 2843 886 2930 aliquo
917 2843 1085 2930 derogare.
1131 2845 1175 2910 In

122 2945 256 3013 Christo
278 2944 361 3011 Jesu
395 2945 537 3028 valeatis
566 2967 625 3034 per
657 2951 810 3034 tempora
839 2944 948 3033 longa
994 2945 1174 3033 Scriptum,

123 3047 212 3133 apud
249 3047 392 3114 Taranta
437 3045 687 3128 Monachorum,
724 3047 911 3136 penultimo
949 3046 1005 3114 die
1050 3048 1174 3114 mensis

125 3150 302 3220 Februarii.

614 3643 689 3709 423.

179 3947 334 4034 Grecting.
380 3943 540 4012 Whereas
565 3966 617 4012 wa
642 3945 730 4013 have
757 3951 833 4013 sent
849 3952 966 4015 toour
990 3953 1124 4017 counsel
1138 3953 1175 4018 in

139 4049 321 4128 bestente
345 4047 433 4114 have
460 4069 480 4114 a
504 4047 729 4133 trustworthy
745 4048 883 4135 opinion
907 4071 944 4115 as
970 4055 1007 4116 tc
1031 4051 1109 4117 how
1123 4076 1176 4120 wc

139 4173 208 4237 may
221 4149 258 4216 be
272 4149 345 4216 able
371 4153 408 4216 to
423 4153 554 4235 protect
569 4170 630 4214 our
645 4149 754 4236 rights
778 4149 893 4215 whilst
919 4171 988 4236 you
1003 4153 1106 4217 suffer
1131 4176 1176 4220 no

139 4253 247 4340 injury,
257 4250 338 4316 from
354 4249 466 4317 which
482 4250 617 4318 counsal
631 4272 684 4316 we
695 4257 814 4338 expect
830 4257 867 4316 to
882 4252 970 4318 heve
986 4275 1029 4318 an
1045 4277 1176 4321 answer

140 4353 246 4422 within
259 4351 348 4418 these
363 4352 441 4418 four
455 4351 546 4438 days,
561 4352 609 4439 by
627 4352 726 4418 God’s
741 4353 828 4438 help,
846 4375 896 4419 we
913 4375 998 4442 pray
1013 4378 1083 4442 you
1098 4358 1175 4423 that

141 4477 201 4542 you
213 4453 274 4520 will
288 4453 329 4520 be
353 4455 488 4542 pleased
510 4459 546 4520 to
561 4455 657 4520 leave
684 4455 888 4542 everything
904 4456 1012 4522 which
1036 4460 1174 4526 touches

142 4581 202 4645 ycu
213 4558 324 4624 andus
339 4563 375 4623 at
391 4562 460 4624 rest
475 4557 565 4623 until
580 4557 640 4624 the
655 4558 819 4624 aforesaid
842 4564 937 4637 term,
953 4560 1021 4626 and
1035 4583 1088 4628 we
1103 4564 1176 4628 will

144 4661 214 4727 then
226 4659 262 4726 dc
283 4659 334 4725 for
347 4681 417 4746 you
431 4659 477 4726 all
491 4658 569 4730 that
579 4659 712 4751 justice,
727 4659 774 4748 by
789 4680 856 4750 any
874 4660 960 4732 form
976 4661 1012 4728 oi
1027 4662 1094 4729 law
1108 4685 1171 4734 can

146 4761 253 4857 permit.
296 4760 415 4828 Adieu
