3309 5859
548 909 841 960 cssruasrussss
1156 895 1220 959 335

165 1103 204 1164 et
227 1097 408 1165 Ecclesiam
431 1103 586 1176 nostram,
609 1098 679 1164 sine
702 1098 797 1184 culpa
820 1098 874 1162 vel
896 1119 995 1164 causa
1016 1096 1219 1175 rationabili,
1262 1107 1364 1159 rsoet.

166 1201 251 1268 talia
282 1203 451 1290 concipere
486 1202 684 1276 decrevistis.
722 1201 881 1266 ,Dudum
912 1200 1075 1287 siquidem
1098 1206 1221 1267 sanotae
1233 1264 1256 1314 L
1277 1178 1350 1316 ἓξὲξ·
1396 1191 1398 1194 ’

168 1305 405 1370 recordationis
438 1305 615 1391 Gregorius
652 1305 743 1391 Papa
774 1319 865 1383 xm,
887 1305 924 1369 in
955 1303 1103 1370 Oonoilio
1133 1303 1220 1389 Lug·
1257 1303 1263 1314 '
1334 1303 1348 1395 J
1381 1379 1386 1390 Ι

167 1409 319 1483 dunensi,
343 1408 482 1494 singulis
505 1408 648 1474 ecclesiis
672 1416 706 1472 et
727 1407 876 1494 personis
892 1407 1118 1473 ecclesiasticis
1133 1406 1218 1471 deci·
1232 1385 1395 1518 {mgb

168 1532 259 1574 mam
281 1511 441 1598 imposuit
463 1510 675 1576 serannalem
691 1510 727 1574 in
742 1510 928 1576 subsidium
944 1509 1053 1575 Terrae
1070 1510 1219 1589 Sanotse3
1235 1533 1339 1568 amores

168 1619 283 1679 tamen
314 1635 335 1678 a
365 1614 528 1679 solutione
562 1615 666 1700 ipsius
699 1613 835 1678 decimes
868 1613 1026 1698 quasdam
1065 1634 1220 1698 personas
1232 1584 1375 1715 {lseffl'

170 1715 309 1801 excepit.
363 1715 483 1782 Postea
520 1716 656 1783 celebris
705 1717 870 1780 memoriae
917 1715 1083 1779 Martinus
1130 1715 1222 1801 Papa
1235 1719 1362 1796 praeting

174 1818 323 1898 Quartus
346 1819 455 1884 voluit
487 1825 521 1885 et
543 1819 724 1894 mandavit,
748 1818 836 1903 quod
869 1818 981 1882 omnia
1012 1800 1383 1902 bonaeccle·{1¹¹e‡¹1¹,¹,¹,¹‡,¹‡1e

171 1921 305 1986 sisstica
339 1922 433 2008 regni
465 1921 606 2007 Angliae,
629 1920 759 1985 Walliae
791 1925 826 1984 et
860 1920 1032 1985 Hiberniae
1064 1921 1104 1985 de
1135 1942 1223 1987 novo
1236 1918 1318 1968 ²⁰t¹¹0

171 2028 375 2101 taxarentur,
399 2024 578 2090 secundum
611 2045 725 2088 verum
758 2023 912 2100 valorem,
938 2029 972 2088 et
1003 2028 1078 2108 post
1108 2023 1223 2108 hujus·
1236 1984 1384 2101 rim&

174 2125 265 2191 modi
303 2127 517 2204 taxationem,
566 2147 624 2212 per
670 2126 799 2191 litteras
848 2125 1053 2212 apostolicas,
1099 2126 1223 2212 specie·
1236 2118 1347 2235 fflt'h

174 2229 251 2294 uter
284 2230 451 2307 urtinse,
485 2251 523 2295 ae
563 2229 695 2315 putueo
727 2235 761 2294 a
798 2229 926 2294 notorie
962 2228 1150 2306 declaravit,
1183 2229 1224 2294 ce
1237 2201 1365 2318 ulliae

175 2331 295 2415 quibus
317 2332 412 2397 bonis
446 2330 634 2416 hujusmodi
658 2330 784 2396 decima
817 2335 941 2395 extunc
972 2330 1058 2395 solvi
1092 2336 1126 2395 et
1157 2352 1224 2396 non
1237 2317 1396 2435 {gffiffiib

175 2433 259 2498 solvi
283 2433 424 2499 deberet.
471 2433 561 2513 Quas
584 2432 717 2518 quidem
739 2433 992 2518 impositionem,
1009 2434 1222 2511 taxationem,
1235 2451 1326 2501 torieal
1420 2492 1423 2497 .

176 2541 210 2599 et
233 2535 487 2602 declarationem
510 2536 612 2601 Sedes
643 2535 836 2620 Apostolica
861 2535 1031 2621 hucusque
1054 2540 1143 2601 ratas
1165 2535 1223 2600 ha·
1237 2518 1397 2635 ξζξζῐξᾝε

176 2638 252 2703 buit
289 2644 324 2704 et
361 2645 519 2725 acceptas,
558 2645 592 2704 et
624 2661 678 2704 eas
715 2638 893 2704 mandavit
923 2639 966 2704 ab
1004 2638 1157 2704 omnibus
1191 2645 1226 2704 et
1239 2601 1394 2702 mandros

85 2755 94 2772 ·
176 2741 315 2828 singulis
347 2741 486 2806 firmiter
524 2741 698 2807 observari.
756 2741 857 2806 Unde
890 2741 1049 2806 miramur
1082 2747 1226 2806 vestram
1239 2717 1364 2834 ‘s'ffiffl

176 2844 387 2930 prudentiam
432 2845 550 2908 leviter
595 2844 745 2930 ignorare
784 2865 858 2928 quaa
903 2848 975 2908 tarn
1013 2841 1228 2929 solempniter
1241 2851 1356 2930 dsmein

178 2947 383 3032 singulorum
421 2946 556 3011 auribus
600 2946 816 3011 inculcantur.
878 2944 945 3008 Vos
982 2944 1087 3029 igitur
1124 2944 1227 3010 latere
1240 2919 1406 3050 {glffld‘

178 3047 340 3125 nolumus,
364 3049 452 3134 quod
474 3049 515 3113 de
538 3047 690 3112 omnibus
712 3046 807 3112 bonis
833 3046 955 3112 nostris
978 3046 1228 3112 decimabilibus

179 3152 337 3218 solvimus
376 3151 536 3217 decimam
574 3156 614 3217 ut
650 3156 809 3240 tenemur,
849 3156 883 3215 et
921 3171 960 3215 ea
992 3151 1159 3218 occasione
1194 3151 1230 3214 in

179 3255 306 3340 aliquas
321 3276 493 3320 censuaras
513 3254 748 3320 ecclesiasticas
763 3273 831 3318 non
845 3252 1046 3338 ambigimus
1069 3253 1230 3319 incidisse.

181 3357 433 3425 immunitatem
450 3379 528 3424 vero
551 3380 650 3444 quam
672 3344 834 3422 habemus
857 3356 899 3421 de
923 3357 1121 3442 quibusdam
1145 3357 1231 3423 deci-

180 3461 243 3526 mis
280 3482 348 3526 non
385 3461 551 3526 solvendis
590 3461 626 3524 in
658 3459 747 3525 dicta
782 3458 1003 3524 declaratione
1025 3459 1233 3546 generaliter,

181 3563 366 3650 specialiter
398 3585 477 3628 vero
521 3585 630 3628 coram
667 3561 748 3648 ipsis
784 3582 926 3647 quorum
957 3561 1104 3640 interest,
1143 3561 1233 3627 horis

184 3666 304 3731 debitis
326 3670 426 3752 atque
448 3665 528 3731 locis
555 3666 662 3750 ipsam
685 3662 842 3728 exhibere
858 3663 1054 3742 curabimus,
1070 3669 1234 3750 quatenus
1286 3709 1289 3714 -

183 3767 358 3832 sanniones
380 3767 553 3834 canonicas
576 3766 742 3832 artabunt.
789 3764 945 3850 Prospere
961 3765 1109 3844 valeatis,
1124 3788 1145 3831 a
1159 3788 1234 3832 oon·

184 3871 288 3956 ceptis
310 3889 370 3935 nos
394 3875 428 3936 et
451 3869 631 3936 Ecclesiam
654 3873 804 3933 nostram
820 3868 1089 3954 contingentibus
1104 3870 1235 3935 cautius

186 3972 389 4038 desistentes.
435 3971 563 4038 Datum
587 3971 786 4050 Oantuariae,
801 3970 880 4055 viij⁰
904 3969 1073 4035 Kalendas
1088 3971 1234 4036 Novem·

185 4074 261 4154 bris,
284 4097 371 4140 anno
394 4075 473 4140 Dni.
496 4087 719 4140 M⁰ccc⁰xxx⁰.

678 4607 750 4670 320.

233 4747 281 4811 To
306 4747 356 4810 bis
380 4744 610 4810 well-beloved
634 4745 670 4808 in
701 4743 773 4809 God
801 4743 925 4808 Master
951 4743 1042 4809 John
1069 4745 1109 4809 de
1134 4744 1238 4822 Ifield

189 4850 315 4936 fleury,
331 4849 424 4914 Prior
439 4849 477 4914 of
495 4847 553 4913 the
568 4847 701 4914 Ohuroh
717 4847 754 4912 of
765 4845 985 4934 Canterbury,
1000 4848 1158 4938 greeting‚
1173 4850 1240 4915 and
