3309 5859
569 907 861 961 cnnwnnlnnsns.
1177 897 1235 958 lll

187 1108 371 1195 gratiarnm
415 1106 588 1174 referimus
632 1108 779 1174 actiones
832 1106 963 1173 debitas
1007 1112 1044 1172 et
1093 1106 1241 1183 devotas,
1254 1111 1374 1177 secking

187 1212 303 1277 scituri
336 1216 431 1299 pater
477 1210 666 1289 reverende,
701 1208 790 1296 qnod
832 1209 870 1273 in
903 1208 1057 1296 pmximo
1091 1209 1241 1276 adventu
1254 1178 1416 1295 ffiffly'

186 1318 297 1379 'vestro
331 1314 374 1379 ad
406 1312 574 1381 ecclesiam
604 1317 750 1378 vestram
789 1308 1075 1389 Oantnariensem,
1105 1311 1161 1377 vel
1198 1311 1243 1375 ad
1253 1312 1339 1428 ἓξὲξ

186 1419 259 1486 loca
280 1420 399 1499 vicina,
426 1420 663 1487 conscienciam
686 1424 834 1485 vestram
856 1418 1057 1485 sufficienter
1079 1420 1243 1485 credimus

187 1523 364 1589 informare
394 1545 493 1609 super
526 1523 715 1609 praemissis.
761 1520 842 1587 Non
872 1522 961 1587 enim
991 1522 1147 1607 cuiquam
1170 1542 1243 1587 ver·

189 1625 274 1690 titur
296 1626 333 1690 in
355 1625 504 1702 dubium,
535 1625 720 1711 quinimmo
745 1624 893 1690 creditur
919 1646 989 1689 esse
1013 1623 1134 1690 certius
1157 1622 1248 1689 omni

188 1734 286 1806 certo,
300 1728 389 1815 qnod
411 1728 519 1795 sancti
541 1732 662 1815 patros,
685 1728 937 1815 praedecessores
967 1727 1073 1792 vestri
1096 1726 1249 1793 Ecclesiae

188 1828 438 1896 Cantuariensis
462 1830 637 1915 pontifices
659 1835 696 1895 at
718 1835 878 1917 pastores,
902 1830 1038 1896 modum
1061 1828 1250 1895 decimandi

187 1930 309 1998 abolim
333 1937 528 1997 consuetum
551 1932 588 1996 in
611 1932 769 1997 maneriis
790 1932 915 1998 nostris
929 1932 1071 1998 indicto
1087 1932 1251 1997 decanatu

84 2092 88 2097 .
187 2040 283 2100 tanto
320 2040 469 2121 tempore
506 2033 645 2099 minima
683 2033 893 2112 tolerassent,
922 2035 951 2099 si
981 2056 1080 2099 usum
1111 2033 1250 2100 solitum

188 2136 418 2203 decimationis
448 2134 642 2219 hujusmodi
677 2156 850 2203 erroneum
890 2142 1109 2224 reputassent
1155 2136 1251 2216 Licet

189 2240 281 2306 enim
303 2238 488 2325 privilegia,
503 2238 760 2304 consuetudines
794 2240 1008 2326 praescriptae,
1030 2245 1066 2307 et
1088 2240 1249 2326 composi·

188 2348 298 2412 tiones
321 2346 469 2431 antiquas
492 2344 595 2410 reales
625 2344 751 2433 pariter
785 2350 820 2411 et
854 2368 956 2432 supra
983 2347 1041 2432 jus
1075 2368 1249 2437 commune

191 2471 261 2515 esse
299 2447 487 2524 videantur,
525 2451 638 2512 tamen
677 2451 792 2512 contra
825 2447 905 2533 jura
946 2450 1137 2516 communia
1181 2471 1249 2515 non

187 2552 340 2617 existunt
362 2570 423 2615 nec
454 2547 620 2615 canonicis
643 2547 784 2613 obviant
806 2548 982 2617 institutis,
1036 2551 1165 2629 Valeat,
1188 2557 1249 2617 eto.

192 2653 282 2718 Data
313 2652 350 2715 in
383 2650 530 2738 capitulo
560 2655 684 2731 nostro,
718 2649 819 2715 xxvl⁰
848 2652 904 2717 die
927 2652 1131 2740 Septembris
1162 2674 1250 2719 anno

191 2756 328 2821 Domini
350 2766 622 2819 n0occm⁰xxnaa

313 2995 488 3063 115.-Dn
510 3008 732 3060 vrsrrnrroan
755 3012 798 3059 rr
819 3012 912 3063 snus
934 3015 1124 3068 larissam.
1280 3014 1397 3144 2(ch

237 3172 306 3239 Suo
329 3173 419 3259 patri
450 3173 589 3236 devotus
611 3170 701 3235 filius
735 3170 771 3237 id
793 3174 884 3259 quod
905 3182 1017 3262 potest
1039 3178 1246 3259 obedientiae,
1257 3200 1288 3250 L.
1301 3205 1348 3255 lar
1361 3215 1386 3249 a.

189 3276 393 3351 reverentiae,
417 3276 452 3339 et
473 3272 613 3339 honoris.
658 3272 726 3339 Pro
759 3273 824 3341 hiis
851 3298 924 3362 quae
947 3278 1053 3365 pridie
1075 3301 1133 3366 per
1154 3282 1246 3348 litte·
1257 3324 1397 3377 mernor

191 3400 303 3443 rernm
326 3382 512 3442 vestrarum
535 3375 653 3441 seriem
675 3374 760 3440 mihi
782 3377 989 3460 notificastis,
1012 3388 1124 3469 grates
1150 3384 1246 3451 vobis
1258 3393 1357 3443 advises
1368 3392 1412 3441 the

191 3480 300 3547 refero
322 3482 465 3565 quantas
487 3498 630 3564 pessum,
653 3476 733 3563 qnia
762 3499 832 3545 non
865 3479 990 3548 sufficio
1023 3507 1105 3571 quas
1132 3460 1351 3589 teneor1²‚³,¹„{¹,¹,p
1363 3530 1390 3575 to
1480 3496 1484 3505 '

191 3606 251 3671 pro
274 3582 444 3669 condigno
492 3579 579 3645 Sane
600 3579 767 3647 mandatis
798 3582 1001 3669 Apostolicis
1023 3589 1119 3655 vobis
1142 3592 1411 3670 dirce-Paliaeaet

191 3687 236 3752 tis
268 3682 556 3771 oporcrescere
586 3683 825 3768 praetermissis,
847 3706 964 3773 parere
976 3714 986 3769 ;
1017 3712 1134 3757 verum
1166 3674 1422 3791 quiaffif'ffi

191 3792 327 3857 modum
349 3796 384 3855 et
406 3809 512 3853 mores
534 3786 671 3852 Domini
694 3789 800 3854 nostri
815 3789 916 3879 Regis
938 3816 998 3880 pro
1018 3800 1165 3885 tempore
1179 3822 1246 3866 non
1258 3792 1392 3856 spoaone

192 3894 320 3961 moneo
365 3893 448 3959 aene
485 3890 636 3968 novatis,
674 3892 821 3983 esent!
855 3896 949 3962 vota
993 3899 1146 3987 injuncte
1183 3861 1418 3991 sisaim,

191 4002 322 4069 cautius
344 3997 516 4085 explicare,
532 4002 567 4062 et
588 4018 686 4082 super
708 3998 772 4064 sibi
787 4003 991 4087 exponendis
1013 4006 1122 4093 ipsum
1145 3994 1413 4108 secro-1¹13}an{ffffist

186 4105 257 4170 tius
291 4099 496 4191 praemunire.
541 4098 670 4177 Adhuc,
704 4104 801 4185 pater
838 4124 878 4169 ea
909 4126 984 4192 quae
1022 4109 1060 4174 in
1099 4110 1245 4177 Ecclesia
1259 4126 1391 4175 faultsde

192 4214 304 4273 vestra
320 4200 553 4271 Oantuariensi
584 4200 791 4268 reformanda
813 4211 894 4273 sunt
927 4207 993 4275 hiis
1026 4210 1153 4292 diebus,
1174 4192 1401 4309 abs-{flffevffgssa

191 4332 257 4397 qne
294 4307 436 4394 strepitu
471 4303 624 4391 judiciali
660 4306 804 4391 publicae
833 4309 1049 4392 visitationis,
1072 4320 1245 4401 poterunt,
1257 4325 1311 4374 tion
1322 4324 1389 4375 shall

191 4418 233 4478 nt
253 4410 409 4489 creditur,
433 4407 490 4472 via
511 4406 657 4472 breviori
690 4408 823 4475 facilins
854 4416 890 4477 et
922 4414 1040 4482 utilius
1055 4447 1059 4455 ·
1075 4393 1357 4509 expeditnffi'd

193 4516 273 4580 dum
304 4518 418 4577 tamen
449 4509 637 4587 insolentes,
664 4510 767 4597 juxta
804 4515 973 4601 regulares
1007 4518 1365 4600 observantissimos

190 4616 408 4702 corrigantur,
432 4611 531 4677 solito
555 4616 589 4677 at
610 4617 737 4679 secreto
752 4614 868 4681 favore
883 4617 1016 4684 sublato
1041 4623 1099 4707 qui
1121 4624 1246 4690 multos
1257 4592 1379 4719 fflffm
1410 4672 1415 4680 .

191 4720 274 4786 facit
296 4737 395 4783 sacras
418 4714 588 4801 roligionis
610 4716 745 4783 semitas
761 4718 980 4789 exhorbitare.
1027 4723 1144 4791 Status
1166 4750 1246 4795 vero
1259 4728 1365 4777 andos

192 4824 260 4889 mei
296 4819 442 4907 qualitas
474 4817 652 4905 corporalis
690 4840 844 4908 prospere
880 4824 974 4913 viget
1008 4834 1043 4895 et
1074 4829 1248 4899 incolumis
1260 4793 1413 4911 mahat,
