3309 5859
576 947 871 1000 cmrcrarunsus.
1189 931 1254 1000 203

200 1141 288 1205 runt
336 1135 481 1217 Quidam
495 1136 686 1222 sompniant
700 1137 789 1222 quod
803 1135 948 1203 Domina
964 1134 1094 1220 Regina
1108 1131 1257 1198 intendit

200 1261 314 1306 omnes
335 1238 499 1326 praelatos,
521 1245 556 1304 ct
577 1260 691 1305 omnes
713 1238 863 1324 majores,
885 1257 925 1304 ac
958 1236 1082 1302 multos
1104 1236 1146 1300 de
1167 1255 1255 1300 com-

200 1342 367 1408 munitate
388 1340 484 1429 regni
505 1340 543 1404 in
564 1340 716 1428 proximo
737 1360 927 1418 convocare,
953 1344 989 1405 et
1010 1359 1108 1426 super
1137 1335 1255 1404 arduis

199 1444 343 1530 negotiis
381 1465 457 1510 cum
494 1443 576 1529 ipsis
613 1447 765 1510 tractare.
834 1440 877 1507 In
913 1441 1008 1527 cujus
1044 1437 1255 1505 tractationis

200 1550 367 1625 eventum,
385 1545 486 1632 juxta
507 1545 682 1612 consilium
704 1543 867 1633 Apostoli,
889 1543 1020 1611 cautius
1053 1546 1105 1608 est
1138 1540 1254 1608 ambu—

202 1649 348 1715 landum.
393 1648 519 1725 Valete,
541 1647 598 1714 dcc.
643 1647 746 1715 Lecta
767 1647 881 1714 littera
902 1645 1125 1714 comburatur.

207 1958 630 2024 199.-Lnrnmcmrsr
660 1973 763 2022 mssa
793 1956 1076 2023 Ancu1sr1scor0
1100 1973 1166 2022 roo
1191 1973 1253 2021 ex·
1299 1951 1396 2002 Maus

382 2075 574 2126 cussrrorr
596 2073 832 2125 emersuram
856 2059 1061 2126 Lonnorurs.
1294 2021 1397 2203 (¹³²3

1266 2155 1297 2205 L.
1311 2158 1356 2204 147
1384 2193 1388 2202 .

251 2249 319 2316 Suo
341 2250 437 2335 patri.
484 2248 674 2314 Reverendo
695 2207 801 2334 pater,
817 2270 912 2336 spero
934 2250 1025 2336 quod
1049 2249 1085 2314 in
1107 2249 1253 2314 instanti
1265 2286 1321 2337 The
1332 2285 1406 2336 Prior

78 2395 81 2398 -
205 2351 423 2439 parliamento
454 2349 634 2416 Londoniis
671 2350 839 2416 habebitis
876 2371 929 2415 me
967 2355 1171 2429 excusatum,
1211 2372 1253 2418 ex
1265 2368 1370 2404 meroes

207 2453 314 2519 causis
335 2452 526 2518 necessariis
547 2451 643 2517 vobis
664 2453 762 2519 notis.
809 2451 940 2520 Sufficit
956 2452 1044 2518 enim
1062 2451 1253 2518 Conventui
1265 2419 1399 2550 iffisslr.

205 2559 242 2620 et
262 2553 364 2620 michi
386 2553 422 2618 id
453 2553 550 2639 quod,
573 2554 614 2620 de
645 2552 781 2620 consilio
815 2557 850 2618 et
882 2573 1044 2620 consensu
1076 2559 1197 2634 vestro,
1219 2555 1385 2670 etpnfflt

207 2655 486 2741 suffraganeorum
521 2661 716 2733 vestrorum,
736 2676 775 2721 ac
809 2654 889 2721 cleri
922 2660 1043 2721 vestrae
1075 2654 1254 2741 provinciae
1265 2635 1307 2736 53²¹
1302 2635 1387 2736 thece
1420 2643 1422 2657 ’

203 2758 460 2834 Oantuariensis,
483 2757 526 2823 ad
548 2757 706 2823 honorem
728 2757 791 2822 Dei
814 2763 849 2823 ct
873 2756 1040 2834 Ecclesiae,
1059 2761 1093 2822 et
1124 2757 1423 2870 utilita-{12:2¹32¹33}AEz

205 2866 274 2926 tem
295 2860 343 2924 rei
365 2858 495 2945 publice
516 2857 641 2925 ibidem
662 2859 840 2946 contigerit
862 2860 1018 2925 ordinari.
1063 2859 1187 2924 Verum
1209 2882 1251 2926 ex
1264 2885 1392 2954 bywhich

202 2962 411 3028 habundanti
434 2961 551 3026 Frater
573 2961 741 3027 Galfridus
764 2960 867 3038 Potel,
891 2967 925 3027 et
948 2961 989 3026 dc
1013 2961 1246 3030 benevolentia
1264 2953 1416 3070 {ziff-

208 3071 320 3129 vestra
356 3062 557 3130 confidentes
603 3062 704 3150 Hugo
741 3063 782 3128 de
825 3061 1073 3150 Bysshopeston
1116 3065 1251 3130 clericus
1264 3089 1350 3154 poseo

207 3170 325 3241 vester,
347 3169 507 3250 tanquam
529 3168 755 3249 procuratores
778 3163 936 3250 Capituli,
958 3165 1065 3250 primo
1101 3165 1154 3232 dic
1177 3189 1251 3234 cum

208 3266 284 3332 aliis
306 3266 550 3352 comparebunt.
596 3265 641 3331 Et
655 3266 697 3330 ad
712 3266 867 3331 devotam
889 3266 1084 3334 instantiam
1107 3267 1251 3336 fratrum

211 3372 247 3434 et
268 3366 412 3432 filiorum
434 3373 618 3432 vestrorum
641 3366 736 3432 vobis
758 3367 907 3454 supplico
928 3367 1139 3449 confidenter,
1164 3372 1253 3457 quod
1326 3400 1328 3413 ⁴

211 3469 385 3557 praefatum
417 3468 603 3534 Galfridum
637 3469 802 3554 quamcito
836 3470 987 3556 poteritis
1021 3473 1179 3558 expedire
1201 3495 1257 3538 ve·

211 3571 289 3647 litis,
313 3570 362 3634 ita
385 3569 473 3655 quod
496 3570 584 3636 domi
607 3571 712 3656 possit
733 3571 849 3648 redire,
883 3592 943 3657 pro
975 3573 1079 3638 variis
1110 3577 1251 3661 negotiis

210 3671 316 3739 officio
351 3692 412 3737 suo
443 3673 852 3762 contingentibus⁴magis
884 3675 983 3740 solito
1020 3675 1087 3741 hiis
1120 3678 1257 3758 diebus3

212 3781 248 3838 et
285 3774 375 3859 quod
412 3773 521 3839 dictus
558 3773 658 3861 Hugo
703 3774 846 3842 officium
891 3779 1112 3864 procuratoris
1159 3803 1257 3869 super

213 3876 398 3963 praemissis,
421 3875 492 3961 ipso
516 3874 664 3942 Galfrido
685 3878 831 3955 absente,
854 3878 965 3944 valeat
987 3901 1144 3948 exercere.
1190 3883 1259 3950 Sci-

215 3984 316 4055 entes,
354 3978 442 4063 quod
482 3984 616 4064 gratum
653 3979 779 4046 habent
816 3984 852 4046 ct
897 3983 1099 4068 acceptabile
1136 3984 1259 4071 singuli

214 4080 332 4145 fratres
347 4080 459 4156 vestri,
477 4081 565 4165 quod
587 4081 754 4147 domicilia
775 4103 836 4148 sua
857 4083 947 4168 apud
970 4083 1004 4148 N
1006 4090 1169 4168 ewenton,
1185 4086 1262 4153 licet

215 4186 312 4247 tanto
347 4181 480 4246 domino
512 4182 854 4268 inproportionabilia,
878 4183 1007 4270 ingredi
1041 4185 1194 4250 voluistis
1229 4191 1263 4252 et

216 4304 341 4349 moram
378 4283 426 4347 ibi
464 4282 576 4361 facere,
615 4304 675 4369 pro
713 4283 896 4350 salvatione
934 4283 1095 4352 bonorum
1129 4289 1263 4352 suorum

213 4383 348 4450 ibidem.
393 4382 515 4450 Valeat
547 4389 581 4450 et
615 4385 728 4471 vigeat
762 4385 852 4452 salus
885 4390 1005 4464 vestra,
1028 4388 1107 4474 quia
1128 4391 1263 4478 granffis

216 4493 252 4553 et
286 4486 414 4553 lubrica
451 4487 547 4553 vobis
580 4491 687 4554 restat
718 4487 781 4555 via
841 4487 960 4574 Script.
985 4487 1140 4558 Cantuar.
1164 4493 1262 4562 tertio

216 4587 273 4654 die
296 4589 460 4656 ianuarii,
