3309 5859
919 868 945 885 0

588 966 883 1017 transremensis.

272 1231 671 1297 s-caarrncmoarun
695 1232 856 1297 er'rnam
879 1249 1148 1305 suranscmrrm.
1257 1232 1283 1282 S·
1298 1238 1363 1284 ⁷1a·

231 1395 519 1461 Reverendiseimo
535 1396 572 1460 in
590 1394 727 1463 Christo
750 1396 841 1484 patri
864 1419 904 1463 ae
926 1397 1069 1477 domino,
1093 1398 1407 1471 Dominornerriors
1466 1410 1471 1417 ’
1549 1368 1643 1476 ΨΜ

188 1500 241 1577 H,
252 1498 317 1565 Dei
335 1497 690 1585 gratia'Cantuariensi
703 1498 969 1587 Archiepiseopo,
985 1500 1090 1566 totius
1105 1499 1236 1585 Angliae
1250 1483 1380 1605 ζωῷ
1459 1499 1492 1550 ·'
1602 1473 1638 1498 k'

188 1601 336 1678 Primati‚
369 1607 404 1667 et
439 1602 636 1688 Apostolieae
671 1599 767 1666 Sedis
800 1602 935 1688 Legato,
962 1610 1085 1670 sanctae
1117 1608 1236 1668 vestrae
1249 1617 1281 1668 of
1317 1635 1332 1667 e

186 1702 433 1769 Cantuariensis
456 1703 609 1770 Ecclesia
647 1755 654 1767 .
702 1752 709 1767 .
757 1754 764 1768 .
812 1755 818 1769 .
853 1702 946 1769 Prior
977 1710 1012 1769 et
1034 1704 1237 1791 Capitulum,
1248 1685 1340 1817 iffi)
1341 1753 1362 1803 ’s

186 1806 408 1872 obedientiam
447 1810 480 1871 et
514 1806 734 1871 reverenciam
757 1811 854 1871 tanto
876 1807 965 1893 patri
1000 1806 1138 1885 debitas,
1161 1828 1236 1872 cum
1250 1833 1388 1871 summoue.
1453 1829 1455 1832 ·
1594 1835 1597 1839 ⁴
1618 1815 1652 1894 „tf

185 1908 316 1974 honore.
374 1908 590 1974 Paternitatis
624 1913 744 1973 vestrae
789 1908 920 1973 litteras
956 1910 1148 1996 nuperrime
1185 1927 1235 1973 re·
1584 1897 1612 1923 ‘³'
1636 1897 1649 1925 ²

186 2016 338 2078 verenter
358 2010 549 2097 recepimus,
574 2016 724 2076 tenorem
747 2013 806 2095 qui
829 2012 983 2096 seqnitur
1005 2013 1234 2078 continentes:

185 2124 203 2149 “
212 2115 386 2191 Heminae,
409 2119 469 2179 etc.
482 2112 498 2139 '’
515 2134 654 2199 quarum
677 2110 810 2199 quidem
834 2114 1022 2179 litterarum
1039 2122 1234 2192 vestrarum,

185 2240 244 2305 per
265 2239 325 2283 nos
356 2217 503 2283 Priorem
537 2223 572 2282 et
607 2216 800 2304 Capitulum
825 2218 1025 2297 antedictos,
1057 2220 1235 2308 diligenter

184 2325 314 2386 attento
353 2324 474 2399 tenore,
499 2320 650 2384 omnibus
683 2324 717 2385 et
751 2319 891 2406 singulis
929 2321 965 2385 in
1003 2321 1126 2387 eisdem
1158 2344 1234 2387 con-

186 2422 289 2487 tentis
322 2420 495 2487 humiliter
542 2421 675 2486 obedire
714 2422 874 2499 volentes,
899 2429 937 2487 nt
974 2428 1137 2502 tenemur,
1175 2446 1236 2489 nos

186 2526 282 2591 Prior
327 2530 361 2591 et
400 2522 592 2610 Capitulum
641 2526 816 2589 memorati
860 2530 975 2591 tenore
1020 2526 1235 2613 praesentium

185 2628 337 2693 fatemur,
362 2648 422 2691 nos
456 2624 621 2691 dictarum
643 2625 831 2691 litterarum
869 2628 981 2713 vigore
1018 2629 1236 2717 peremptorie

185 2730 303 2797 citatos
325 2729 369 2793 ad
391 2727 646 2812 comparendum
669 2748 775 2793 eoram
800 2728 904 2807 vobis,
920 2729 973 2793 vel
996 2730 1115 2795 vestris
1138 2729 1234 2795 Com-

187 2831 352 2907 missariis,
374 2830 429 2894 die
451 2835 486 2894 et
523 2830 593 2895 loeo
625 2829 661 2892 in
694 2829 791 2895 dictis
825 2832 944 2896 vestris
982 2832 1103 2897 litteris
1141 2833 1236 2898 nobis

185 2934 340 3021 praefixis,
363 2937 508 2998 vestram
541 2930 767 2997 visitationem
800 2932 978 3011 subituros,
1002 2955 1101 3019 quam
1124 2935 1235 3011 etiam,

185 3036 266 3125 ipsis
290 3036 343 3102 die
367 3042 402 3101 et
424 3033 503 3111 loco,
527 3034 732 3099 intendimus
762 3040 864 3121 atque
888 3035 1047 3101 volumus
1063 3036 1235 3101 humiliter

185 3130 296 3206 subire
318 3142 352 3203 et
386 3137 512 3202 devote.
560 3135 667 3202 Citari
690 3137 825 3223 insuper
847 3136 985 3203 fecimus
1007 3139 1233 3225 peremptorie,

184 3246 284 3329 prout
321 3240 417 3305 nobis
455 3228 502 3304 in'
523 3238 620 3303 dictis
668 3240 787 3303 vestris
835 3240 1055 3306 mandabatur
1104 3240 1234 3317 litteris,

102 3336 107 3345 ’
185 3366 297 3410 omnes
321 3348 355 3407 et
385 3342 530 3428 singulos
562 3342 810 3407 commonachos
834 3347 869 3407 et
902 3343 1085 3409 confratres
1108 3350 1235 3409 nostros

186 3448 242 3534 qui
266 3444 492 3511 visitationem
525 3450 676 3521 vestram,
700 3444 740 3509 de
771 3466 838 3529 qua
870 3445 1098 3531 praemittitur,
1124 3446 1234 3511 subire

184 3555 342 3617 tenentur
365 3548 618 3635 quoquomod03
640 3548 728 3633 quod
755 3549 828 3635 ipsi,
852 3549 907 3614 die
928 3556 963 3615 et
986 3550 1057 3615 loco
1079 3549 1177 3616 nobis
1200 3557 1235 3615 et

185 3654 232 3720 eis
263 3656 302 3717 ut
323 3650 554 3741 ¹praemittitur
600 3650 786 3737 assignatis,
818 3672 887 3716 una
922 3652 1092 3717 nobiscum
1124 3674 1234 3739 perso·

184 3754 307 3821 naliter
330 3758 548 3838 compareant,
569 3752 793 3818 visitationem
818 3759 961 3819 vestram
986 3761 1067 3820 tunc
1089 3754 1234 3820 subituri

185 3865 226 3925 ut
256 3861 422 3929 tenentur,
467 3853 627 3941 religiosis
673 3854 753 3919 viris
799 3854 917 3920 Fratre
954 3856 985 3923 J.
1034 3856 1081 3934 L,
1125 3856 1235 3923 Sacrae

185 3960 319 4047 Pagince
342 3956 537 4035 Professore,
553 3978 592 4021 ao
607 3956 780 4022 Fratribus
796 3958 836 4021 A.
857 3958 896 4024 B.
913 3964 947 4023 et
964 3958 1009 4035 C,
1026 3959 1068 4025 ad
1084 3958 1235 4050 studium

182 4061 333 4151 generale
373 4058 522 4134 Oxoniae,
561 4079 660 4123 eausa
712 4058 828 4135 studii,
876 4060 1087 4138 transmissis,
1125 4067 1160 4125 et
1197 4064 1234 4124 in

186 4166 300 4233 eodem
322 4161 497 4228 actualiter
529 4160 749 4238 studentibus,
772 4184 855 4249 quos
879 4171 999 4229 vestrae
1021 4164 1235 4251 paternitatis

185 4265 373 4354 benignitas
407 4285 428 4330 a
459 4264 696 4349 comparicione
734 4282 942 4351 quacumque
980 4266 1016 4329 in
1038 4267 1232 4336 visitatione

185 4376 298 4436 vestra
321 4370 511 4443 memorata,
534 4366 577 4430 ad
600 4371 746 4431 nostram
769 4366 929 4432 humilem
952 4368 1235 4453 supplicationem,

184 4474 250 4538 ista
287 4470 360 4535 vioe
393 4468 511 4533 habere
550 4467 707 4553 dignetur
752 4476 936 4547 excusatos,
974 4470 1140 4536 duntaxat
1177 4495 1235 4537 ex·

183 4575 294 4661 ceptis.
340 4572 486 4636 Nomina
508 4593 587 4636 vero
610 4577 644 4636 et
666 4574 870 4659 cognomina,
885 4578 953 4637 tram
977 4576 1041 4638 mei
1058 4573 1097 4652 J,
1114 4576 1235 4641 Prioris

185 4700 285 4766 quam
309 4676 450 4741 aliorum
482 4697 540 4760 per
571 4682 682 4740 meet
715 4676 909 4763 Capitulum
934 4678 1128 4763 praedictum
1154 4680 1236 4748 cita·

188 4788 309 4857 torum,
341 4779 377 4842 in
408 4777 551 4864 quadam
583 4777 699 4843 cedula
734 4779 954 4864 praesentibus
993 4786 1147 4867 patenter
1177 4804 1237 4849 an·

185 4902 274 4951 nexa
312 4879 459 4966 specifice
497 4880 718 4946 continentur.
767 4880 860 4961 Quae
894 4884 1005 4948 omnia
1042 4890 1076 4949 et
1106 4885 1238 4973 singula
