3309 5859
379 927 421 986 84
818 932 957 982 turum

375 1135 452 1180 acra
473 1116 565 1180 ordei
589 1135 622 1180 x.
645 1115 806 1182 buueellor
844 1117 958 1194 ordei;
997 1122 1031 1180 et
1069 1131 1130 1202 pro
1168 1114 1316 1201 qualibet
1353 1131 1427 1178 acra

378 1217 530 1282 fabarum
566 1225 600 1283 ct
636 1219 783 1305 picorum
821 1241 927 1284 unum
965 1221 1169 1306 quarterium
1208 1219 1357 1282 fabarum
1395 1221 1428 1278 et

378 1320 546 1406 pisorum
582 1329 617 1386 et
649 1343 708 1407 pro
740 1320 890 1407 qualibet
914 1341 991 1388 acra
1021 1343 1192 1388 vascorum
1224 1318 1427 1406 quarterium

381 1445 569 1502 reseraturum
592 1433 627 1489 et
647 1447 707 1510 pro
730 1425 879 1510 qualibet
894 1445 970 1492 acra
993 1445 1174 1492 avenarum
1189 1445 1255 1489 non
1271 1421 1431 1488 seminate

382 1526 440 1591 illo
462 1547 550 1592 anno
574 1529 632 1612 xij.
656 1527 815 1592 burselloe
842 1549 1031 1594 avenarum.
1091 1528 1127 1593 Si
1162 1549 1240 1592 vero
1274 1525 1431 1611 prefatus

382 1629 552 1693 lohannes
585 1631 675 1693 iufra
706 1629 884 1693 torminum
918 1629 1151 1715 praedictorum
1182 1628 1239 1712 xij.
1272 1645 1430 1692 annorum

381 1731 510 1808 obierit,
535 1739 623 1808 tunc,
647 1733 684 1796 in
714 1733 799 1796 festo
832 1731 947 1798 Sancti
982 1731 1155 1798 Michaelis
1186 1737 1262 1817 poet
1294 1735 1430 1795 mortem

383 1835 486 1920 iperius
523 1833 688 1899 Johannie
725 1835 875 1920 proxime
908 1843 1073 1920 sequente,
1109 1841 1216 1899 totum
1250 1832 1430 1896 manerium

386 1937 578 2021 praedictum
614 1937 654 2001 de
695 1935 786 2002 Weat
825 1938 984 2023 Merseye‚
1008 1959 1082 2002 cunr
1121 1957 1220 2022 cropa
1257 1933 1433 2020 cujuslibet

383 2040 512 2123 generis
542 2037 631 2104 bladi
664 2045 699 2104 et
732 2045 804 2104 toto
841 2045 962 2116 stante,
993 2045 1027 2104 ct
1060 2061 1134 2104 eum
1174 2039 1325 2103 omnibus
1363 2035 1436 2100 aliis

385 2142 595 2228 pertinentiis
632 2143 710 2218 suia,
748 2141 857 2206 soluta
895 2143 990 2206 fimra
1027 2139 1173 2226 ejusdem
1219 2141 1299 2206 anni
1339 2143 1434 2225 prout

384 2243 609 2329 supradictum
625 2250 684 2320 est,
699 2243 742 2309 ad
758 2245 863 2309 dictos
884 2243 1028 2310 Priorem
1048 2251 1082 2308 et
1103 2245 1312 2309 Conventum
1335 2241 1434 2305 libere.

384 2354 419 2410 et
441 2347 568 2431 integre
591 2353 808 2424 revertentur,
831 2347 902 2412 eine
925 2347 1185 2413 contradictione
1209 2347 1321 2432 aliqua
1343 2344 1433 2409 here-

270 2486 275 2496 ·
385 2449 463 2513 durn
496 2450 547 2514 vel
582 2456 794 2514 executorem
832 2451 1023 2516 testamenti
1062 2449 1142 2514 dicti
1180 2449 1356 2523 Johanniu,
1379 2464 1433 2510 seu

251 4313 280 4355 29
294 4307 352 4357 Oct.

268 4378 340 4424 1322,

239 4503 269 4549 L.
283 4504 329 4547 122
342 4498 365 4546 t.

223 4663 278 4711 The
290 4660 362 4708 l‘rror

224 4729 302 4778 refers
314 4733 341 4772 to

224 4798 267 4844 the
280 4791 362 4842 Areli-

385 2552 526 2616 aliorum
564 2573 841 2636 quorumcunque.
888 2553 941 2617 Ad
981 2575 1061 2638 quae,
1092 2553 1203 2616 omnia
1240 2559 1275 2617 et
1307 2551 1434 2636 singula

385 2656 555 2740 praemiata
592 2654 734 2718 fideliter
771 2655 925 2732 tenenda,
962 2655 1119 2731 facienda,
1152 2662 1187 2719 et
1224 2651 1433 2726 observanda,

385 2779 445 2841 ego
466 2755 637 2820 Johanues
667 2757 847 2842 praedictus
874 2755 985 2842 obligo
1017 2777 1077 2834 me,
1102 2763 1136 2821 et
1168 2755 1304 2822 heredes
1339 2779 1434 2832 meos,

386 2867 420 2924 ot
461 2865 652 2924 executores
691 2859 884 2924 tertamenti
921 2858 994 2938 mei,
1019 2863 1054 2924 et
1092 2861 1202 2924 omnia
1240 2861 1328 2926 bona
1365 2881 1435 2924 mea

387 2961 523 3028 mobilia
555 2967 589 3026 et
619 2959 812 3037 immobilia,
847 2961 890 3026 ad
921 2981 1192 3047 quorumcunque
1226 2983 1344 3027 manus
1382 2961 1435 3025 de-

387 3064 540 3128 venerint
577 3065 612 3128 in
651 3063 811 3128 futurum.
868 3063 912 3127 Et
949 3063 992 3128 ad
1031 3063 1186 3148 majorem
1227 3065 1435 3130 securitatem

387 3166 534 3231 omnium
557 3168 810 3252 praemissorum,
833 3187 893 3232 nos
918 3164 1104 3230 Willelmus
1128 3165 1230 3232 Morel
1262 3167 1303 3232 dc
1332 3167 1437 3232 Beck·

388 3291 490 3355 pugg,
530 3268 694 3332 Radullue
732 3269 914 3334 Doreward
954 3268 994 3332 de
1033 3268 1156 3346 eadem,
1187 3267 1437 3334 Bartholorneue

389 3372 514 3455 Lyoun,
544 3370 740 3434 Edmunduu
778 3370 808 3434 le
847 3371 989 3455 Cupper,
1014 3369 1170 3434 Nicholne
1218 3371 1249 3435 le
1288 3373 1378 3448 Cam,
1405 3377 1438 3434 et

388 3475 555 3538 lohannes
594 3473 683 3536 filius
721 3471 854 3536 Thomae
893 3473 933 3537 de
972 3473 1162 3548 Bredel'ord,
1201 3475 1244 3537 ad
1282 3473 1438 3561 praedicta

389 3576 499 3640 omnia
544 3573 687 3639 fideliter
732 3573 892 3653 facienda,
940 3575 1092 3652 tenenda,
1138 3583 1172 3638 et
1227 3573 1439 3650 observanda,

389 3678 573 3761 obligamus
620 3697 680 3739 nos
718 3681 753 3739 ot
790 3683 912 3752 nostra,
952 3681 1064 3740 tenore
1103 3676 1327 3760 praesentium,
1366 3697 1439 3740 con-

386 3779 530 3864 junctim
554 3789 589 3843 et
613 3778 758 3853 divisim,
781 3799 895 3841 omnes
919 3778 1033 3842 eodem
1059 3777 1155 3841 modo
1178 3797 1244 3862 quo
1266 3779 1439 3864 predictus

391 3882 559 3948 dohannes
582 3905 616 3945 se
639 3887 675 3945 et
704 3902 765 3945 sua
798 3879 950 3965 superius
984 3879 1156 3965 obligavit,
1179 3887 1214 3945 et
1247 3903 1307 3946 nos
1339 3881 1440 3946 debiti

392 3985 542 4070 praedicti
565 3982 763 4069 principales
793 3982 1026 4048 constituimus
1059 3983 1231 4048 debitores,
1278 3984 1320 4047 Iu
1351 3983 1442 4068 cujus

394 4087 442 4152 rei
465 4085 703 4162 testimonium,
726 4087 781 4150 &u

478 4373 630 4442 ltu-Dr,
654 4371 774 4435 Betui
797 4386 1012 4435 rnovrsrorus
1036 4371 1172 4438 Roornr
1195 4372 1310 4438 Drour
1333 4389 1369 4440 nr

756 4491 874 4540 rorum
898 4493 1092 4541 nivernen.

447 4661 515 4726 Suo
549 4659 638 4745 patri
673 4657 728 4722 &c
775 4655 944 4723 Aecedens
976 4677 1082 4744 nuper
1104 4659 1146 4723 ud
1173 4679 1225 4724 me
1258 4667 1448 4746 procurator

404 4765 523 4850 Rogeri
546 4763 665 4848 Dygge
690 4761 730 4826 de
755 4758 925 4838 Bereham‚
942 4759 1066 4848 copiam
1092 4760 1263 4846 cujusdam
1288 4763 1386 4830 bullae
1413 4765 1446 4829 in
