3309 5859
140 13 159 17 --
166 11 185 18 -ν
197 11 288 31 ruf-*vv-
295 11 549 23 -W-u-v---u--uv-u-
555 13 561 17 -
568 11 997 38 ww-fw-w--wmwrw--ss
1007 11 1039 25 -τ
1050 11 1176 28 *η-ν-ννγ-
1183 11 1340 37 -W
1346 13 1400 18 --v-
1407 11 1435 32 Ἴ.
1447 11 1478 16 -ψ-Δ

624 40 629 48 ι
994 39 995 50 r
1122 43 1125 51 ,
1165 41 1169 48 .
1473 37 1476 46 ι

559 895 853 949 cawrnmmsns.
1162 877 1233 953 249.-

180 1093 251 1138 sem
271 1071 487 1137 fundaverint
508 1071 545 1134 in
566 1070 699 1134 nomine
734 1068 815 1133 Jesu
840 1067 976 1146 Christi,
999 1068 1105 1154 ipsam
1128 1068 1228 1134 ecole-
1240 1059 1375 1178 {12⁶1ss

180 1175 264 1240 siam
287 1176 323 1239 in
344 1175 493 1252 liberam,
516 1195 643 1260 puram,
667 1178 702 1236 et
734 1174 928 1256 perpetuam
951 1170 1165 1235 elemosinam
1188 1170 1229 1233 de
1242 1143 1384 1258 §ordeles

181 1277 272 1362 regia
316 1275 544 1342 munificentia
575 1273 784 1350 dotaverint;
831 1292 900 1348 nos,
938 1271 980 1336 ob
1018 1261 1361 1376 devotionemppgpged

181 1391 281 1462 quam
303 1378 447 1464 gerimus
469 1376 513 1441 ad
536 1377 659 1442 dictam
683 1374 861 1440 Ecclesiam
886 1379 921 1437 et
942 1373 1120 1458 gloriosum
1143 1394 1229 1438 mar-
1243 1392 1375 1458 foregoing

179 1486 289 1564 tyrem
323 1480 492 1557 Thomom,
524 1479 618 1563 cujus
653 1498 771 1563 corpus
806 1476 844 1540 in
878 1476 991 1540 eadem
1024 1476 1159 1541 ecclesio
1181 1498 1231 1540 re·
1244 1460 1322 1510 ms·

182 1581 330 1667 quiescit,
374 1581 571 1667 suscipimus
602 1580 639 1644 in
672 1577 910 1665 protectionem
944 1583 979 1641 ct
1011 1577 1233 1642 defensionem

182 1688 329 1748 nostram
351 1682 526 1769 specialem
549 1680 687 1746 dilectos
711 1679 805 1744 nobis
828 1679 865 1742 in
881 1678 1015 1744 Christo
1038 1679 1184 1744 Priorem
1201 1685 1235 1743 et

184 1785 394 1851 Conventum
418 1784 571 1850 Ecclesiae
595 1782 721 1849 Christi
737 1781 915 1868 praedictae,
937 1780 1096 1858 homines,
1120 1786 1233 1858 terras,

181 1908 242 1966 res,
274 1886 433 1962 redditus,
465 1892 500 1950 et
532 1906 643 1949 omnes
677 1883 895 1970 possessiones
929 1905 1013 1960 sues,
1044 1888 1114 1948 tam
1147 1883 1234 1947 infre

182 1989 353 2054 libertates
375 1997 482 2074 quom
498 1993 602 2053 extra.
649 1986 694 2051 Et
716 1987 791 2051 ideo
806 1983 902 2049 vobis
925 1984 1121 2051 mandemus
1144 1984 1233 2071 quod

182 2090 291 2174 ipsum
322 2089 469 2154 Priorem
507 2097 543 2154 ct
573 2087 793 2164 conventum,
831 2084 990 2165 homines,
1023 2093 1138 2163 terras,
1172 2109 1234 2166 reS,

183 2193 341 2269 redditus,
379 2198 414 2257 st
451 2213 564 2257 omnes
600 2192 819 2278 possessiones
870 2211 945 2256 suas
983 2190 1235 2267 manuteneatis,

185 2295 373 2380 protegatis,
397 2299 432 2361 et
454 2292 640 2357 defendatis
652 2317 660 2371 ;
682 2313 748 2357 non
770 2291 954 2359 inferentes
977 2292 1034 2370 eis,
1046 2291 1101 2356 vel
1117 2291 1235 2356 inferri

181 2396 420 2482 permittentes,
442 2394 608 2479 injuriam,
633 2393 828 2471 molestiam,
852 2395 1045 2480 dampnum,
1077 2399 1137 2460 aut
1159 2416 1235 2480 gra·

184 2520 311 2563 vamen.
358 2497 402 2562 Et
424 2496 534 2582 siquid
558 2498 606 2561 eis
639 2495 837 2581 injuriatum
870 2497 923 2562 vel
958 2496 1231 2582 dampnificatum
1274 2543 1277 2554 .

183 2601 293 2678 fuerit,
315 2599 352 2663 id
374 2600 421 2664 cis
443 2598 514 2663 sine
547 2599 706 2664 dilatione
737 2598 868 2664 facietis
902 2599 1080 2664 emendari.
1127 2599 1233 2664 Nolu-

184 2702 370 2768 musenim
394 2685 483 2786 quod
517 2699 558 2764 de
580 2700 690 2765 bladis
721 2700 775 2765 vel
809 2701 884 2766 aliis
916 2699 1120 2766 victualibus
1155 2702 1231 2779 suis,
1276 2729 1279 2738 ¹
1375 2728 1377 2737 ·

184 2805 285 2890 equis,
316 2801 463 2880 carectis,
495 2807 558 2866 aut
589 2800 664 2867 aliis
698 2800 795 2867 bonis
828 2823 886 2868 seu
918 2802 1048 2869 catallis
1087 2803 1233 2889 ipsorum

183 2908 307 2972 Pn'oris
337 2912 372 2972 ot
401 2905 603 2984 Conventus,
633 2911 749 2972 contra
787 2906 994 2972 voluntatem
1034 2928 1137 2983 suom,
1174 2907 1235 2972 sub

185 3031 378 3097 quommque
400 3011 515 3088 colore,
538 3032 597 3096 per
628 3009 769 3075 ballivos
803 3031 862 3075 seu
902 3010 1072 3076 ministros
1106 3016 1236 3076 nostros

186 3119 248 3178 eut
291 3114 433 3179 aliorum
471 3133 751 3198 quorumcunque,
788 3113 948 3199 quicquid
993 3112 1144 3198 capiatur
1181 3114 1235 3178 vel

184 3223 373 3283 arrestetur.
419 3216 461 3281 In
483 3215 579 3301 cujus
601 3217 649 3282 rei
672 3217 911 3296 testimonium,
933 3221 994 3282 etc.

678 3531 750 3595 242.
850 3531 851 3534 ’

230 3905 278 3969 To
292 3903 346 3968 his
361 3924 444 3988 very
460 3902 542 3968 dear
558 3902 684 3968 friends
699 3905 765 3970 and
782 3905 1012 3971 well-beloved
1028 3908 1064 3972 in
1080 3909 1161 3987 (lod,
1177 3910 1235 3977 the

186 4007 305 4092 ldayor
330 4005 397 4070 and
421 4003 480 4070 the
504 4004 623 4071 Bailiff
644 4006 681 4070 of
701 4005 890 4084 Sandwich
907 4007 1025 4094 Henry
1051 4010 1108 4076 the
1132 4011 1234 4090 Prior,

184 4109 251 4174 and
266 4107 325 4174 the
348 4105 502 4172 Convent
517 4106 555 4172 of
575 4107 632 4172 the
648 4107 782 4174 church
798 4109 836 4174 ef
848 4109 1059 4196 (lanterbury
1073 4113 1233 4200 greeting,

183 4211 251 4284 ond
266 4207 433 4294 endum‘ng
452 4207 521 4294 joy.
567 4208 726 4274 Whereas
751 4210 847 4276 there
862 4211 891 4275 is
907 4233 926 4275 a
941 4217 1037 4298 great
1052 4214 1233 4302 deficiency

185 4314 224 4378 of
247 4311 472 4376 illumination
486 4312 612 4377 around
629 4310 687 4376 the
702 4312 792 4398 body
806 4313 874 4378 and
890 4313 947 4378 the
964 4313 1074 4379 shrine
1090 4315 1125 4380 of
1135 4316 1233 4382 Saint

184 4413 335 4488 Thomas,
350 4411 417 4475 and
444 4412 482 4475 of
507 4411 566 4476 the
591 4411 686 4476 other
709 4414 822 4478 sacred
844 4413 957 4479 bodies
983 4414 1093 4480 which
1120 4439 1232 4504 reposo

185 4518 220 4581 in
252 4536 312 4580 our
339 4513 505 4578 aforesaid
532 4513 673 4592 Church,
703 4515 770 4579 and
801 4538 852 4580 we
878 4520 934 4580 too
959 4518 1124 4584 ourselves
1150 4519 1233 4586 heve

184 4618 250 4684 end
274 4616 337 4681 feel
352 4621 448 4701 great
471 4614 674 4681 deficiencies
697 4616 764 4681 ond
790 4616 890 4682 losses
916 4618 953 4681 in
976 4619 1110 4685 various
1132 4622 1234 4688 forms

185 4721 231 4806 by
246 4739 365 4783 reason
374 4717 411 4782 oi
424 4717 483 4782 the
498 4717 740 4803 disegreemcnt
755 4718 865 4784 which
881 4721 984 4786 exists
999 4719 1150 4787 between
1164 4747 1231 4810 you

184 4821 252 4888 and
267 4820 325 4885 the
340 4841 416 4884 men
436 4819 474 4884 of
487 4817 706 4910 Canterbury,
721 4821 788 4884 and
803 4842 890 4898 novv,
906 4842 942 4886 as
967 4844 1017 4888 we
1033 4844 1088 4888 ore
1104 4831 1164 4890 not
1176 4827 1232 4893 the
