3309 5859
99 16 1084 78 wer-qwessw-ssrm-v-mssm
1103 16 1423 68 w-fs--gffi
1434 16 1530 82 ἢν.
1597 16 1612 25 ’

198 75 203 86 ι
1151 68 1155 79 “
1232 77 1235 86 ι
1279 71 1283 88 ι
1340 72 1347 85 a
1378 64 1382 72 '
1413 72 1435 87 ιιι

549 902 838 955 onumenrnnsns.
1155 890 1221 957 369

143 1096 255 1211 pacis
288 1098 405 1163 crescit
436 1099 525 1163 inter
555 1119 615 1163 nos
647 1099 681 1161 et
715 1094 837 1162 iratres
871 1100 1009 1167 nostros.
1041 1116 1080 1159 ac
1117 1094 1218 1160 etiam
1231 1098 1346 1214 btshopn

144 1198 227 1285 ipsi
251 1199 379 1280 fratres,
401 1200 480 1268 licet
501 1200 598 1266 nobis
620 1199 778 1287 indignis,
801 1198 1026 1264 obedientiam
1053 1197 1216 1263 exhibent
1230 1164 1368 1284 ῑῖξῗξξζη

143 1306 360 1371 reverenter.
407 1304 453 1369 lit
476 1310 567 1371 orate
589 1304 698 1371 Deum
721 1302 867 1391 pacis,u
844 1302 943 1367 utin
965 1307 1099 1367 tantum
1130 1316 1244 1366 ores-¹
1240 1314 1342 1364 speaee

145 1410 214 1469 cat
235 1405 310 1473 haec
331 1408 442 1475 unitas
464 1407 553 1493 qnod
576 1407 738 1493 possimus
760 1409 1008 1491 perseverantes
1030 1404 1215 1491 computari
1230 1368 1360 1481 {inm

147 1507 252 1572 inter
274 1508 348 1574 illos
364 1510 404 1575 de
420 1510 540 1596 quibus
556 1509 736 1575 scribitur
727 1531 764 1573 ιιι
779 1507 939 1573 Actibus:
966 1505 1216 1577 Multitudinis
1229 1498 1383 1617 ¹¹flg⁰cag⁰¹⁰¹¹

149 1610 374 1679 credentium
411 1621 484 1679 erut
521 1636 577 1679 coo
614 1634 730 1678 unum
763 1618 792 1677 et
824 1610 949 1677 nabun
987 1632 1069 1677 nno.
1117 1610 1215 1675 Hanc
1229 1635 1317 1682 terbur
1287 1650 1335 1699 ury

150 1712 291 1786 felicem
314 1716 480 1782 unitatem
503 1716 648 1781 multum
672 1715 918 1797 desideramus3
952 1713 1101 1791 seientes,
1125 1714 1214 1799 quod
1228 1700 1295 1750 0⁰¹¹
1295 1708 1352 1751 '¹¹¹¹

151 1816 250 1883 inter
272 1818 339 1887 alia
361 1820 508 1908 speciosa
532 1819 653 1905 quibus
676 1817 736 1883 de¹
763 1766 938 1882 decoratdr
962 1838 1041 1903 eura
1072 1816 1214 1882 sollicita
1227 1791 1306 1843 Μ
1299 1808 1332 1843 Π·
1343 1800 1383 1847 ²⁶²

154 1918 386 2001 Praesidentis
409 1922 493 1987 illud
516 1922 674 1987 nimirum
697 1920 944 1986 excellentius
934 1941 1038 2007 rpsam
1063 1926 1214 1997 exornat,

154 2024 251 2109 quod
276 2024 389 2089 unitas
420 2024 509 2091 inter
542 2030 672 2111 patrem
696 2030 731 2089 et
753 2023 840 2087 filios
872 2021 1028 2109 speciales
1062 2023 1213 2113 optineat

154 2126 396 2217 principatum,
419 2134 454 2195 et
486 2128 574 2213 quod
605 2126 733 2193 subditi
768 2128 829 2207 stri,
861 2127 896 2194 in
928 2127 993 2191 hiis
1026 2148 1100 2217 quae
1134 2131 1213 2192 sunt

155 2228 235 2309 Dei,
258 2230 419 2297 fratribus
453 2231 523 2297 suis
554 2235 745 2296 reverenter
777 2229 959 2297 exhibeant
990 2228 1213 2297 obedientiam

157 2332 309 2397 debitam
332 2355 407 2398 eum
439 2333 573 2415 bonore,
598 2356 669 2421 quae
692 2334 780 2423 ipsos
803 2333 839 2399 in
862 2333 1000 2399 cantate
1023 2332 1214 2409 consolidet,

157 2435 197 2499 in
219 2436 465 2521 tranquillitate
488 2436 669 2513 confirmet,
693 2439 728 2501 et
750 2434 899 2501 molestis
922 2434 1099 2500 eventibus
1123 2436 1213 2501 viam

157 2536 350 2621 proecludat.
396 2537 522 2605 Valete.

206 3429 364 3514 Greeting
393 3426 461 3491 and
491 3423 605 3491 health
629 3424 665 3489 of
694 3423 785 3509 body
808 3424 875 3487 and
906 3422 1009 3489 mind.
1056 3423 1117 3490 We
1147 3425 1212 3513 bag

162 3555 227 3621 yon
250 3529 403 3614 tenderly
419 3527 495 3592 that
516 3548 593 3612 you,
609 3548 646 3589 or
668 3546 754 3611 your
777 3526 906 3613 deputy
920 3526 967 3611 by
982 3547 1067 3613 your
1089 3528 1210 3605 orders,

163 3635 242 3712 vill,
264 3634 301 3699 in
322 3653 408 3719 your
429 3633 512 3695 next
535 3628 698 3694 Hundred
723 3627 838 3705 court,
861 3628 938 3715 give
968 3629 1063 3694 effect
1085 3635 1120 3695 to
1151 3630 1209 3697 the
1287 3626 1289 3633 ’

164 3740 258 3805 letter
280 3741 355 3801 sent
377 3739 414 3801 to
436 3754 504 3819 you
534 3731 581 3817 by
603 3753 664 3797 our
694 3732 780 3796 Lord
811 3731 869 3795 the
892 3732 1111 3819 Archbishop,
1133 3756 1210 3800 con-

165 3840 293 3925 cerning
314 3837 373 3902 the
403 3835 633 3901 maintenance
656 3833 695 3897 of
719 3833 777 3897 the
801 3832 949 3899 children
973 3834 1010 3899 of
1029 3835 1145 3923 Hem-y
1168 3838 1209 3903 da

165 3945 319 4031 Peddyng
352 3941 419 4007 and
453 3940 506 4003 his
540 3937 617 4003 wife
650 3938 778 4018 Isabel;
808 3958 845 4002 so
878 3937 954 4003 that
983 3941 1115 4009 neither
1149 3966 1210 4008 onr

165 4048 245 4113 Lord
267 4045 324 4111 tho
338 4041 547 4127 Archbishop
570 4062 630 4105 nor
654 4040 706 4105 his
728 4040 898 4105 ministers
922 4062 999 4124 may
1016 4042 1056 4107 be
1076 4043 1209 4110 blamed

166 4174 205 4217 on
225 4153 364 4215 account
385 4146 424 4211 of
442 4168 510 4232 any
533 4144 664 4230 neglect
687 4145 725 4209 of
742 4166 852 4230 yours‚
867 4144 933 4208 and
958 4144 1034 4210 that
1056 4167 1100 4210 no
1122 4170 1208 4213 corn-

166 4255 265 4342 plaint
300 4272 379 4337 may
408 4249 450 4314 he
482 4249 578 4313 made
613 4249 650 4312 in
681 4270 702 4312 a
732 4247 852 4335 higher
888 4253 983 4313 court
1016 4249 1118 4317 about
1152 4252 1208 4317 the

167 4360 328 4451 provision
350 4356 388 4422 ol
406 4357 463 4423 the
487 4356 560 4421 said
583 4354 822 4421 maintenance.
1239 4349 1242 4355 ’

240 4526 355 4536 -,..-..-
541 4524 708 4531 -η--υ-
769 4524 1079 4533 ..-.-----.----.—..—.

198 4618 248 4679 ¹By
258 4611 385 4675 inserting
394 4610 446 4660 thie
458 4609 617 4673 superfluous
626 4609 658 4659 de
705 4609 872 4672 Archbishop
884 4612 1008 4673 reproved
1021 4611 1112 4661 sorbis
1124 4614 1209 4679 turgid

171 4697 208 4748 the
232 4694 324 4750 writer,
346 4691 430 4740 whom
459 4706 475 4739 ιι
503 4690 658 4753 subsequent
705 4690 915 4756 style,sacrifices
929 4700 1040 4741 sensato
1053 4696 1142 4744 sound.

257 4774 282 4822 U
317 4773 408 4819 alato.
1002 4794 1024 4837 Α
1050 4792 1072 4839 Α
