3309 5859
482 1350 688 1430 mandamus,
711 1351 881 1436 quatinus,
902 1351 995 1418 omni
1017 1348 1265 1419 excusatione
1289 1346 1461 1412 voluntaria
1475 1367 1515 1410 es

481 1458 585 1530 sante,
601 1449 699 1518 dictis
722 1453 776 1520 die
791 1457 827 1518 et
848 1453 919 1520 loco
933 1454 1172 1540 personaliter
1196 1448 1381 1526 intersitis,
1394 1448 1516 1513 nobismn

482 1557 517 1618 et
538 1575 614 1618 oum
636 1553 754 1620 octena
777 1554 932 1640 praelatis,
946 1555 1189 1642 magnatibus,
1206 1559 1247 1618 et
1270 1550 1448 1638 proceribus
1463 1571 1516 1634 pm

482 1653 590 1732 dictis,
604 1677 704 1742 super
725 1655 905 1742 praemissis
926 1658 1120 1736 tractaturi,
1140 1660 1378 1739 vestrumque
1389 1651 1515 1719 comilim

483 1756 672 1843 impensuri.
719 1757 764 1824 Et
800 1757 875 1836 hoc,
897 1759 985 1826 sicut
1014 1780 1076 1825 nos
1119 1766 1164 1825 et
1208 1758 1375 1824 bonorem
1409 1760 1514 1819 noetrm

482 1879 522 1924 ae
544 1857 825 1944 tranquillitatem
856 1866 893 1926 et
928 1861 1075 1946 quietem
1110 1860 1240 1947 Regni
1273 1856 1381 1924 nostri
1409 1856 1515 1939 diligitis

482 1959 674 2028 nullatenus
713 1959 890 2040 omittatis,
928 1963 1070 2028 seientes
1109 1983 1183 2050 pro
1225 1965 1334 2037 certo,
1356 1957 1442 2043 q¹1⁰tl
1473 1955 1514 2019 ffl'fi'

483 2060 620 2126 evidens
660 2067 696 2128 et
739 2063 917 2129 manifesta
959 2065 1146 2130 necessitas
1203 2063 1244 2128 id
1287 2064 1445 2147 exposcat
1470 2077 1514 2120 ιω

483 2163 689 2229 intendimus
712 2170 937 2252 procuratores
958 2187 1018 2232 seu
1041 2172 1276 2232 excusatores
1298 2184 1361 2250 pro
1382 2159 1461 2226 vobis
1475 2157 1512 2221 sd·

482 2265 616 2330 mittere
638 2285 678 2332 ea
712 2265 793 2344 vioe,
816 2271 952 2354 propter
982 2267 1199 2335 arduitatem
1235 2265 1441 2353 negotiorum
1457 2281 1511 2345 pm

481 2364 653 2434 dictorum.
715 2367 761 2432 Et
798 2369 1027 2454 praemuniatis
1072 2370 1238 2438 Priorem
1287 2371 1326 2432 et
1362 2360 1509 2449 capitulus

483 2467 636 2534 Ecclesiae
666 2473 785 2534 vestroe
815 2469 942 2536 Christi
972 2469 1245 2548 cantuariensis,
1270 2466 1509 2535 Archidamum

481 2573 640 2646 vestrum,
662 2575 837 2657 totumque
858 2570 982 2637 clerum
1004 2577 1127 2638 vestrm
1150 2571 1329 2648 dioeoesis,
1345 2565 1426 2652 quod
1438 2563 1506 2626 fidem

482 2669 580 2736 Prior
601 2675 636 2736 et
668 2670 931 2738 Archidiaconus
961 2673 998 2737 in
1030 2674 1177 2760 propriis
1202 2671 1361 2760 personis
1381 2667 1448 2742 suia
1463 2663 1507 2726 dit

482 2777 620 2859 tumque
636 2771 831 2861 Capitulum
853 2796 913 2860 per
934 2795 1048 2852 unum,
1063 2776 1227 2862 idemque
1251 2775 1362 2842 clema
1381 2790 1434 2856 per
1449 2766 1505 2830 ‹111oe

481 2879 709 2960 procuratores
724 2875 881 2960 ydoneos,
895 2877 1029 2963 plenam
1051 2882 1086 2943 et
1100 2878 1331 2946 sufficientem
1346 2874 1505 2961 misaam

481 2975 525 3041 ab
548 2975 628 3062 ipsis
652 2975 810 3063 Capitulo
832 2983 867 3042 et
896 2977 984 3045 clero
1005 2979 1179 3060 habentes,
1202 2979 1313 3046 dictis
1342 2977 1392 3041 die
1410 2970 1502 3038 etlam

482 3077 649 3156 intersint,
686 3079 729 3144 ad
766 3079 958 3146 faciendum
993 3086 1029 3146 et
1059 3083 1347 3148 consentiendum
1376 3075 1504 3156 hiisque

482 3183 562 3244 tuno
583 3179 707 3245 ibidem
730 3179 771 3245 de
801 3181 969 3246 communi
998 3183 1145 3261 consilio,
1168 3183 1295 3250 divina
1320 3180 1440 3245 favente
1456 3169 1498 3236 de·

481 3281 616 3358 mentia,
639 3281 817 3368 contigerit
838 3282 993 3348 ordinari.
1038 3283 1137 3350 Teste
1165 3287 1300 3373 meipso
1321 3278 1405 3368 apud
1423 3274 1500 3340 wst-

484 3383 722 3450 monesterium
737 3383 852 3469 xxvij⁰
874 3384 928 3450 die
942 3384 1096 3452 Januarii
1110 3407 1199 3453 anno
1213 3386 1314 3474 regni
1328 3378 1422 3448 nostri
1434 3370 1499 3460 ¹5¹⁰?

526 3485 694 3566 Quocirca,
728 3491 843 3552 tenore
876 3489 1100 3574 presentium,
1123 3512 1184 3555 vos
1216 3485 1450 3578 praemunimus,
1470 3495 1498 3539 δῦ

481 3587 673 3674 Capitulum
707 3587 863 3656 Ecclesiae
900 3595 1023 3656 nostrie
1059 3591 1229 3678 pnndiotae
1261 3613 1323 3680 per
1355 3607 1406 3652 vos
1434 3599 1493 3667 plaL

481 3689 605 3754 muniri
629 3689 782 3756 volumus
805 3695 841 3756 et
870 3690 1077 3770 mandamus,
1099 3694 1199 3779 quod,
1220 3716 1282 3761 vos
1310 3682 1495 3780 personaliter,

481 3791 723 3878 praefatumque
739 3789 934 3877 Capitulum
955 3814 1017 3879 per
1038 3802 1283 3881 procuratorem
1306 3788 1491 3860 sufficientum,

481 3892 516 3956 in
539 3893 699 3978 praedicto
720 3892 949 3979 parliamento,
974 3894 1029 3961 die
1058 3901 1093 3961 et
1122 3895 1194 3963 loco
1216 3898 1254 3962 in
1275 3893 1406 3984 prefato
1423 3879 1491 3950 brari

480 3993 645 4060 contentis
677 3993 882 4072 celebrando,
905 3996 1069 4063 intersitis
1094 4003 1130 4064 et
1155 3998 1322 4075 intersint,
1343 3987 1443 4060 facturi
1464 3983 1489 4046 5¹1

481 4096 634 4162 omnibus
673 4101 708 4162 et
744 4117 804 4182 per
835 4097 947 4162 omnia
982 4099 1074 4184 quod
1106 4103 1202 4166 tenor
1235 4098 1379 4186 ejusdem
1408 4084 1490 4155 bulis

481 4197 586 4283 exigit
609 4202 643 4262 et
665 4197 814 4283 requirit.
871 4197 918 4263 Et
940 4199 1022 4285 quid
1052 4199 1197 4266 feceritis
1227 4201 1265 4266 in
1286 4189 1486 4289 praemittit,tt

480 4297 645 4363 duxeritis
667 4299 865 4377 faciendum,
888 4321 949 4365 nos
970 4301 1056 4367 citra
1077 4301 1256 4368 mcundam
1279 4305 1363 4368 diem
1383 4285 1487 4361 domini-

484 4421 557 4497 qam
596 4399 653 4465 xl*
695 4401 846 4487 proxime
884 4401 1033 4468 futuram
1070 4403 1270 4483 certificetis,
1306 4423 1361 4491 per
1390 4396 1486 4461 littam

481 4506 610 4568 vestras
647 4507 801 4590 patentes
834 4503 954 4569 harum
987 4505 1105 4570 seriem
1139 4506 1353 4572 continentes
1391 4497 1484 4562 Dalm

481 4604 571 4689 apud
608 4605 847 4690 Wyvescombe
885 4606 967 4693 iiijto
1004 4605 1087 4672 Idus
1123 4607 1307 4687 Februarii,
1328 4623 1403 4676 auno
1427 4591 1482 4662 1)ῦὶ

481 4703 657 4774 Millesimo
673 4720 923 4788 tucmxxxsm,
938 4715 974 4775 et
988 4710 1242 4777 consecrationis
1265 4717 1379 4780 nostra
1391 4701 1482 4790 qum
1564 4726 1569 4799 ι

483 837 549 904 440
933 852 1079 904 irruam

481 1045 622 1111 aliarum
646 1049 810 1112 terrarum
836 1051 1027 1116 nostrarum
1050 1042 1273 1133 specialiter
1295 1041 1514 1128 continentur,

482 1147 602 1214 habero
625 1147 827 1234 colloquium
849 1153 886 1214 et
908 1153 1111 1216 tractatum
1168 1144 1284 1210 Vobis
1314 1145 1418 1229 igitur,
1435 1143 1515 1207 intls

481 1255 517 1314 et
539 1248 714 1316 dilectione
729 1249 853 1336 quibus
866 1251 964 1316 nobis
985 1249 1168 1317 tenemini
1197 1245 1348 1312 firmiter
1367 1245 1516 1331 injungendo

1568 4243 1577 4374 l

1569 4379 1573 4427 l
