3309 5859
449 923 515 990 196
903 935 1041 986 nnana

448 1105 606 1170 sortietur
629 1104 795 1171 effaetum.
842 1107 912 1172 Aut
935 1107 1023 1174 mala
1038 1107 1249 1174 imminentia
1271 1105 1422 1172 totaliter
1435 1105 1494 1170 im-

448 1206 569 1292 pediet,
583 1212 644 1272 aut
666 1207 781 1274 firtnra
802 1207 948 1294 perionis
970 1209 1167 1296 prorogabit.
1216 1209 1262 1274 Et
1284 1208 1313 1273 si
1335 1208 1493 1272 Dominus

449 1307 523 1373 Rex
546 1309 648 1394 (qnod
679 1309 790 1394 absit),
819 1310 972 1376 omnibus
1006 1311 1071 1376 viis
1094 1311 1169 1378 aliis
1193 1311 1432 1398 praetermissis,
1454 1310 1493 1376 ad

448 1431 541 1476 arma
572 1411 746 1497 procedere
779 1412 970 1491 decreverit,
1002 1415 1081 1500 quia
1110 1414 1267 1501 ambigua
1304 1419 1386 1479 sunt
1424 1412 1493 1479 fata

448 1533 651 1598 guerrarum,
673 1519 708 1579 at
741 1515 777 1578 in
809 1513 921 1580 dubiis
955 1520 1007 1582 ost
1029 1517 1086 1580 via
1107 1517 1228 1582 certior
1257 1515 1492 1603 amplectenda,

449 1616 561 1680 sanius
597 1621 633 1680 et
669 1616 815 1680 securius
853 1615 947 1681 vobis
985 1616 1058 1694 erit,
1082 1622 1122 1680 ut
1159 1617 1305 1696 videtur,
1327 1618 1364 1681 in
1401 1617 1493 1681 illum

450 1720 608 1780 eventum
630 1716 667 1779 in
689 1715 813 1803 templo
829 1715 954 1784 Christi
977 1717 1020 1782 ad
1042 1737 1135 1783 arma
1157 1718 1344 1803 spiritualia
1363 1718 1494 1783 interim

449 1815 630 1893 oonvolare‚
654 1837 754 1901 quam
776 1822 829 1882 tot
852 1822 887 1883 et
902 1821 1070 1883 tantorum
1095 1819 1378 1904 oongressionibus
1393 1839 1495 1884 arma·

449 1921 560 1982 torum
583 1919 801 2004 personaliter
832 1919 1001 1988 interesse.
1046 1919 1183 2006 [Potens
1206 1932 1257 1986 est
1287 1921 1376 1986 enim
1398 1921 1494 1998 Deus,

448 2025 563 2085 anetor
592 2022 683 2106 pacis
714 2027 749 2086 et
781 2027 919 2098 ametor,
942 2023 1000 2108 qui
1039 2028 1150 2088 totum
1180 2043 1284 2108 genus
1314 2022 1495 2087 humanum

448 2123 673 2188 renonciliavit
686 2123 940 2191 misericorditer
955 2145 1015 2190 suo
1029 2126 1128 2212 patri,
1143 2124 1324 2190 instantem
1337 2125 1496 2191 nubulam

285 2533 421 2652 aennon
494 2525 764 2593 loa-Imaus
786 2541 853 2593 rao
877 2509 1109 2692 aossznlismar
1133 2524 1304 2590 Brarann
1326 2541 1449 2590 cosro-

382 2637 389 2652 ·
902 2643 926 2690 o
1046 2677 1053 2692 .

276 2737 401 2909 ἓξ
493 2817 525 2882 A
554 2817 608 2881 lur
638 2815 802 2884 meschone
824 2816 931 2882 Deme
965 2813 1147 2880 honurable
1168 2814 1274 2880 Deme
1298 2813 1416 2893 Isahel,
1438 2834 1497 2901 par

278 2923 422 2988 mlvii«
448 2919 482 2984 la
503 2939 599 3006 grase
622 2918 663 2985 de
685 2919 773 2984 Dieu
796 2917 902 2983 Roino
925 2915 1147 3003 Dengletorre,
1163 2922 1222 2982 ota
1238 2937 1290 2981 ses
1312 2915 1497 3002 chapeleins

277 2989 409 3107 mm
449 3021 556 3088 Henri
578 3020 697 3086 Priour
718 3024 753 3084 et
775 3019 806 3085 le
829 3019 960 3086 Govent
994 3018 1048 3084 del
1070 3017 1197 3104 Eaglise
1231 3018 1272 3083 de
1295 3017 1496 3096 Cantorbira,

275 3129 363 3173 Μ
373 3129 402 3173 ¹⁰
448 3125 540 3192 salua
554 3128 590 3190 et
603 3129 698 3190 sante
714 3123 756 3189 de
770 3143 842 3190 cors
857 3127 892 3188 et
907 3121 1024 3188 dslme.
1072 3121 1214 3186 Endroit
1229 3119 1270 3186 de
1285 3142 1341 3188 neo
1359 3143 1400 3207 qe
1415 3143 1495 3187 vous

277 3189 396 3306 fflffld
448 3249 533 3294 nous
558 3226 750 3292 mandantes
772 3224 933 3312 nadgeres
955 3245 1015 3310 par
1038 3243 1099 3287 voz
1122 3223 1246 3300 lettres,
1269 3243 1310 3308 qe
1340 3223 1382 3287 de
1410 3223 1495 3288 reins

271 3326 418 3452 m
448 3328 490 3393 ds
512 3327 605 3393 biens
627 3348 668 3412 qe
690 3326 798 3392 soient
820 3347 842 3392 a
864 3325 974 3390 Piorre
997 3323 1146 3390 Bernard
1178 3345 1219 3389 en
1252 3327 1364 3389 nostre
1398 3324 1497 3410 garda

279 3452 393 3504 0er
448 3451 491 3494 ne
521 3429 659 3495 fassoms
681 3428 825 3493 delivrer
846 3448 868 3492 a
890 3426 946 3504 lui,
969 3447 1011 3492 ne
1045 3447 1066 3492 a
1098 3447 1151 3491 soz
1182 3431 1290 3512 genta,
1312 3447 1355 3490 ne
1386 3447 1408 3491 a
1439 3426 1498 3491 nial

277 3517 426 3648 mu
449 3536 543 3598 autre
580 3551 657 3596 sans
693 3529 833 3616 especial
872 3527 1085 3594 mandament
1115 3528 1156 3593 ds
1193 3549 1297 3607 v0us;
1334 3528 1499 3594 tresohero

278 3649 434 3701 nominato
450 3632 565 3710 Dama,
588 3652 670 3697 vous
692 3631 781 3717 plese
803 3651 900 3697 sever
930 3649 970 3715 qe
1001 3628 1048 3695 les
1069 3629 1163 3718 biens
1185 3628 1217 3693 le
1239 3629 1291 3694 dit
1312 3627 1428 3695 Pierre
1456 3650 1499 3696 ne

268 3715 436 3832 mactato-r·
450 3735 526 3797 gont
556 3752 615 3818 paq
648 3754 691 3797 en
722 3737 834 3798 nostre
865 3731 984 3818 gardan
1020 3735 1055 3796 et
1088 3731 1115 3795 ai
1148 3730 1235 3796 riens
1268 3731 1309 3795 de
1332 3751 1384 3796 ses
1407 3731 1499 3796 biens

279 3784 346 3900 iffi
356 3797 411 3898 pah
449 3834 600 3921 pnissent
633 3839 718 3900 estro
751 3840 847 3899 trove
870 3855 913 3899 en
935 3837 1046 3898 nostre
1070 3833 1173 3920 posit,
1203 3854 1286 3898 nous
1318 3831 1366 3898 les
1400 3833 1498 3898 froms

278 3917 385 3981 “W
449 3938 568 4026 garder
588 3937 666 4003 bien
688 3943 722 4004 et
743 3943 938 4002 sauvament
967 3941 1043 4001 tant
1076 3957 1115 4021 qe
1150 3957 1233 4002 nous
1264 3957 1377 4023 eyoms
1407 3941 1500 4002 autre

279 4047 321 4100 ror
331 4063 433 4112 seques-
450 4041 685 4112 mandement„
716 4039 748 4104 A
770 4039 868 4119 Dieu,
892 4038 1055 4106 tresohere
1080 4037 1195 4116 Deme,
1219 4038 1253 4125 qi
1288 4060 1372 4104 vous
1407 4037 1501 4105 donit

277 4114 427 4232 ffissnm
450 4147 535 4212 bone
558 4144 612 4209 vie
635 4148 670 4208 et
692 4142 849 4230 longe‚·et
869 4157 976 4229 'grace
1008 4163 1050 4207 en
1073 4147 1159 4206 terre
1183 4147 1218 4206 et
1240 4141 1345 4228 glorie
1368 4163 1410 4207 en
1431 4141 1501 4210 aiei.

280 4247 364 4298 writes
374 4245 431 4296 Μ
451 4247 565 4312 Donoz
587 4266 629 4310 en
651 4248 762 4310 nostre
785 4242 941 4330 Ohapitle
962 4243 994 4308 le
1017 4242 1166 4328 xxviijme
1183 4243 1262 4328 ιῇοιιι·
1284 4241 1325 4307 de
1349 4241 1500 4324 Oatobre,

280 4313 418 4430 Ξξξζῗὼ
450 4348 508 4415 lan
530 4349 571 4414 de
593 4367 688 4433 grane
710 4347 908 4412 nsooxxvo.

280 4447 361 4495 undar
370 4443 412 4494 his

278 4511 387 4563 oontrol.
