3309 5859
465 924 529 987 156
917 935 1052 986 nrrnnn

294 1142 434 1221 honoreus
465 1139 499 1200 et
537 1135 669 1222 Rogerii
707 1136 748 1201 de
785 1136 888 1201 Brenn
930 1137 1064 1202 rectoris
1101 1136 1244 1201 ecclesia
1281 1136 1323 1201 de
1362 1134 1509 1221 Heydon,

296 1209 441 1326 &ww
465 1236 696 1322 Norwycensis
718 1238 876 1313 dioecesis,
899 1244 1013 1303 contra
1042 1238 1263 1303 venerabilem
1293 1244 1423 1323 petrem
1446 1236 1508 1300 Do·

296 1342 391 1421 ortuo·
464 1340 588 1405 minum
630 1339 808 1405 Walterum
843 1339 1133 1426 Archiepiscopum
1167 1340 1448 1415 cantuariensem,
1477 1344 1509 1403 et

295 1412 441 1527 lima„
467 1464 636 1529 personam
659 1464 718 1527 pro
742 1442 812 1527 ipso
835 1443 1021 1507 venientem
1058 1442 1214 1529 legitime,
1236 1447 1271 1507 et
1301 1440 1506 1526 dicitquod,

293 1544 413 1629 nfnrch-
467 1546 610 1611 Ecclesia
648 1545 863 1631 Norwyccnsi
892 1545 1052 1631 praedicta
1085 1567 1192 1631 nuper
1222 1550 1371 1621 vacante,
1405 1544 1507 1607 dictrn

294 1617 434 1747 llllsssshp,
469 1648 627 1712 Dominus
674 1646 953 1733 Archiepiscopus‚
992 1648 1142 1711 intentus
1186 1646 1229 1711 ad
1265 1647 1505 1732 nsmpationem

294 1748 433 1829 optempted
458 1749 697 1831 jurisdictionis
730 1748 883 1813 Ecclesiae
921 1768 990 1813 susc
1026 1748 1224 1833 pertinentis
1262 1754 1297 1811 et
1333 1748 1439 1813 solita
1467 1748 1506 1811 ad

294 1824 422 1932 {mm
462 1852 668 1937 Episcopum,
691 1852 761 1935 ipso
793 1850 954 1935 Episcopo
984 1850 1019 1913 in
1057 1849 1155 1914 rebus
1191 1850 1346 1915 humanis
1384 1857 1534 1941 agente·

294 1944 435 2066 glfflffelfs
462 1972 535 2037 quae
568 1950 756 2037 jurisdictio
795 1952 860 2037 ipsi
898 1950 1056 2037 Capitulo
1088 1952 1268 2037 competiit,
1303 1950 1502 2038 competere¹

295 2030 422 2133 apeme,
461 2054 639 2131 consuevit,
663 2057 697 2117 et
726 2052 827 2117 ctiam
859 2052 901 2117 de
928 2052 1004 2138 jure
1035 2053 1206 2139 competiit
1237 2060 1385 2139 tempore
1415 2074 1505 2117 vaea-

292 2154 407 2199 amante.
462 2157 562 2221 tionis
585 2155 736 2221 Ecclesiae
759 2156 916 2239 ejusdem,
940 2156 975 2219 in
998 2155 1134 2221 civitate
1157 2162 1192 2221 et
1213 2156 1346 2221 dioecesi
1369 2156 1506 2239 Norwy·

462 2260 621 2335 censibus,
644 2258 775 2343 fuitque
807 2258 934 2323 dictum
958 2258 1152 2344 Capitulum
1185 2259 1220 2323 in
1244 2259 1453 2345 possessione,
1474 2264 1506 2323 et

462 2362 566 2447 quasi,
585 2360 849 2447 jurisdictionem
872 2358 1060 2445 hujusmodi
1082 2361 1209 2425 notorie
1231 2366 1267 2425 et
1292 2360 1395 2425 libere
1417 2382 1503 2425 exer-

462 2464 566 2542 cendi,
591 2462 735 2529 Ecclesia
758 2462 831 2547 ipsa
852 2468 1000 2539 vacante,
1023 2484 1045 2527 a
1067 2467 1212 2549 tempore
1234 2469 1269 2527 et
1300 2484 1360 2548 per
1381 2468 1505 2547 tempus

462 2566 555 2651 eujus
578 2564 734 2629 contrarii
757 2563 917 2628 memoria
937 2584 1005 2629 non
1035 2564 1161 2639 existit,
1183 2568 1218 2629 et
1246 2570 1332 2629 esset
1365 2572 1504 2650 tempore

460 2666 676 2751 infrascriptae
710 2664 962 2751 jurisdictionis,
1000 2664 1198 2751 Magistrum
1242 2664 1432 2729 dolrannem
1465 2666 1503 2729 de

456 2768 616 2835 Baddesle
640 2775 851 2835 correctorem
886 2768 1071 2853 generalem
1104 2769 1269 2853 injuriose,
1293 2775 1329 2835 et
1350 2769 1392 2835 de
1422 2770 1504 2834 facto

454 2876 639 2949 dumtaxat,
670 2872 846 2938 constitnit
883 2872 1024 2936 eundem
1063 2870 1233 2937 officialem
1271 2878 1306 2937 et
1342 2874 1502 2939 custodem

454 2974 699 3063 spiritualitatis
714 2974 749 3037 in
762 2973 899 3038 civitate
914 2980 949 3038 et
962 2974 1096 3039 dioecesi
1112 2974 1244 3051 eisdem,
1253 2974 1346 3039 nulla
1361 2974 1504 3061 legitima

454 3100 551 3145 causa
564 3076 776 3164 procedente.
816 3074 882 3155 Qui
898 3076 1055 3163 magister
1069 3076 1093 3141 J
1093 3076 1239 3141 ohannes
1253 3082 1420 3163 praetextu
1433 3098 1503 3142 con·

459 3180 672 3245 stitutionem
697 3176 888 3261 hujusmodi
910 3176 1175 3261 jurisdictionem
1191 3178 1352 3265 Episcopo
1367 3178 1502 3263 Norwy-

455 3284 552 3360 censi,
574 3288 609 3347 et
645 3280 720 3345 sede
745 3277 961 3364 Norwycensi
996 3286 1134 3345 vacante
1164 3280 1321 3365 praedicto
1343 3277 1503 3367 Capitulo,

455 3389 703 3470 competentem,
722 3388 841 3457 tenere,
856 3401 895 3444 ac
917 3401 976 3466 per
997 3401 1091 3445 suam
1114 3387 1149 3445 et
1164 3381 1245 3447 dicti
1262 3381 1501 3469 Archiepiscopi

456 3486 646 3572 potentiam,
671 3484 808 3569 ipsoque
829 3482 1083 3571 Archiepiscopo
1105 3505 1145 3548 ca
1168 3485 1240 3549 fieri
1263 3486 1449 3561 mandante
1470 3493 1502 3549 et

455 3590 586 3652 nornine
603 3608 662 3651 suo
685 3587 773 3651 lacta
788 3592 863 3649 rata
877 3584 1028 3662 habente,
1045 3606 1202 3672 usurpare
1218 3588 1308 3652 visus
1323 3588 1396 3666 fuit,
1414 3608 1502 3651 usur·

456 3694 559 3779 pavit,
593 3690 740 3755 exercuit
776 3690 816 3753 de
852 3688 941 3753 facto
964 3696 1077 3754 tamen
1101 3691 1136 3754 in
1158 3690 1295 3756 civitate
1318 3700 1353 3757 et
1375 3693 1499 3757 dioecesi

456 3794 631 3881 predictis
647 3814 705 3879 per
715 3791 777 3856 hoc
788 3797 822 3857 et
837 3790 913 3871 alia,
930 3791 1159 3877 multiplieiter·
1174 3800 1208 3857 et
1223 3794 1442 3859 diversimodo
1456 3795 1500 3857 in-

452 3895 566 3981 jurias,
596 3894 799 3981 gravamina,
822 3898 857 3956 et
880 3893 1023 3980 dampna
1045 3915 1145 3978 quam
1167 3892 1312 3980 plurima
1333 3897 1500 3982 irrogando

458 3999 609 4064 Ecclesiae
633 4002 667 4061 et
691 3994 846 4082 Capitulo
871 3994 1063 4070 praelibatis,
1086 4002 1121 4059 et
1143 3995 1209 4060 hiis
1230 4018 1369 4081 quorum
1400 4000 1500 4063 dietus

458 4099 621 4165 Robertus
638 4102 828 4183 procurator
843 4096 969 4165 existit,
987 4117 1115 4161 necnon
1138 4097 1222 4163 clero
1237 4104 1272 4162 et
1286 4099 1407 4184 populo
1421 4099 1499 4163 Nor·
1573 4120 1577 4127 ’

457 4198 673 4287 wycensibus
697 4212 730 4263 et
754 4198 881 4263 dictum
905 4196 1107 4282 Capitulum,
1131 4198 1220 4264 dicta
1249 4201 1448 4284 possessione
1469 4210 1500 4265 et

457 4302 559 4389 quasi,
589 4304 750 4385 quantum
794 4298 829 4361 in
867 4297 964 4363 dictis
1002 4297 1145 4362 Domino
1183 4299 1434 4387 Archiepiscopo
1469 4308 1499 4365 et

457 4402 585 4469 officiali
625 4399 700 4477 snit,
730 4406 852 4463 temere
891 4399 1061 4484 spoliando
1099 4422 1157 4465 sen
1186 4401 1325 4487 spoliare
1347 4404 1496 4469 conando.

456 4506 547 4571 Dicit
570 4502 670 4567 etiam
693 4506 884 4586 procurator
913 4501 1100 4585 praedictus,
1123 4503 1209 4588 quod
1240 4505 1419 4591 praedictus
1440 4508 1498 4569 Ar·

455 4608 678 4695 chiepisoopus
701 4626 774 4669 cum
798 4602 841 4667 ad
863 4602 1066 4667 visitandum
1088 4625 1181 4668 suam
1204 4606 1407 4691 provinciam
1429 4629 1495 4693 pro
1593 4664 1597 4669 .
1634 4627 1635 4678 l

456 4712 609 4786 cessisset,
633 4707 785 4785 visitatis
804 4706 906 4790 juxta
935 4705 1085 4771 ordinem
1120 4705 1281 4785 Ecclesia,
1302 4709 1438 4774 civitate
1466 4714 1497 4773 et

457 4813 587 4898 pioecesi
621 4806 907 4892 Norwyeensibus,
939 4828 1008 4872 suae
1039 4808 1217 4893 provinciae
1250 4816 1344 4895 parte
1377 4811 1496 4895 reliqua

457 4924 788 4937 ——----——-———.-.

794 4924 1046 5023 '''sai·p0od›a,
1061 4926 1116 5007 ns.
1144 4925 1175 4930 ““
