3309 5859
434 933 500 1000 226
877 949 1009 1002 nrrmn

433 1125 621 1194 eonstiterit
652 1127 683 1192 ei
715 1126 758 1193 (16
787 1126 980 1213 hujusmodi
1014 1127 1104 1194 vasis
1141 1125 1307 1214 argenteis
1345 1128 1382 1190 et
1418 1122 1497 1189 eliis

433 1231 539 1307 bonis,
572 1236 611 1297 ut
642 1230 867 1318 premittitur,
902 1231 1081 1318 dissipatis,
1119 1229 1270 1318 specialis
1307 1234 1342 1294 et
1377 1227 1498 1294 debita

434 1329 526 1398 facte
561 1331 667 1398 fuerit
702 1333 868 1412 correctio,
906 1333 943 1396 in
980 1333 1102 1398 ultime
1140 1331 1332 1398 visitatione
1368 1334 1498 1405 vestre,

429 1433 532 1518 juxta
553 1434 726 1500 canonicas
746 1435 945 1502 sanctiones.
990 1433 1076 1500 Cum
1108 1435 1198 1500 enim
1221 1435 1263 1499 de
1286 1433 1397 1498 salute
1421 1431 1497 1497 ani-

434 1555 565 1600 marum
597 1536 718 1622 agitur,
741 1557 809 1623 qua
839 1535 944 1602 nichil
979 1534 1160 1622 optabilius
1182 1537 1219 1601 in
1248 1536 1312 1601 bae
1343 1535 1421 1600 vita
1443 1555 1494 1597 re-

434 1637 571 1724 peritur,
593 1659 661 1703 non
684 1643 734 1704 est
755 1637 948 1724 aliqualiter
978 1635 1268 1716 dissimulandum,
1291 1637 1371 1722 quia
1394 1641 1495 1702 tanto

434 1741 588 1826 graviora
610 1747 688 1806 sunt
719 1741 868 1822 crimine,
892 1746 1018 1828 quanto
1040 1741 1168 1806 diutius
1191 1740 1338 1806 infelices
1360 1739 1495 1804 animas

435 1843 589 1910 detinent
607 1844 803 1930 captivatae.
850 1843 894 1908 Et
916 1843 992 1910 ideo
1015 1865 1059 1908 ne
1081 1843 1273 1928 hujusmodi
1303 1841 1493 1927 fumigatio,
1625 1889 1626 1892 ,

378 1927 384 1938 ¹
434 1966 535 2030 quam
566 1943 773 2011 dissimulare
810 1966 879 2011 non
911 1951 1026 2030 potero
1060 1943 1140 2010 licet
1176 1943 1307 2020 vellem,
1338 1943 1493 2006 flammas
1625 1961 1626 2004 r

433 2049 587 2113 ardentes
624 2056 659 2114 et
696 2053 829 2114 urentes
866 2050 1037 2135 producat,
1075 2047 1206 2135 pleoeut
1250 2046 1345 2112 vobis
1391 2067 1493 2132 super
1625 2055 1626 2134 l

433 2151 612 2236 praemissie
648 2151 777 2238 aliquid
820 2155 948 2217 certum
995 2149 1172 2216 rescribere
1218 2148 1320 2214 michi
1365 2155 1489 2214 vestro.

434 2251 565 2318 Sufficit
595 2253 685 2317 onim
718 2252 820 2318 michi
854 2253 936 2318 scire
968 2253 1157 2333 veritatem,
1183 2251 1212 2316 si
1247 2251 1408 2316 correctio
1431 2272 1491 2336 per

434 2375 493 2422 voe
507 2355 596 2422 fecte
609 2355 723 2433 fuerit,
737 2355 792 2420 vel
814 2377 892 2432 non,
915 2355 955 2420 de
980 2355 1134 2442 dampnis
1149 2353 1318 2440 praedietis
1334 2353 1489 2418 Ecclesiae

432 2458 662 2523 fraudulenter
705 2456 816 2522 illatis
878 2457 1049 2543 Scriptum
1095 2456 1290 2524 Cantuariae
1327 2469 1394 2520 x¹²¹⁰
1434 2456 1489 2520 die

431 2560 536 2626 Junii.

669 2802 869 2868 aran-De
891 2819 1011 2868 nonme
1033 2819 1104 2879 ouo
1127 2819 1247 2870 surus

479 2941 547 3008 Suo
580 2943 677 3028 patri
723 2944 895 3009 Instanter
932 2943 1100 3030 pulsantis
1138 2945 1332 3029 importune
1360 2941 1483 3029 petitio

429 3045 552 3112 multos
575 3042 766 3132 frequenter
787 3047 914 3112 excitat
936 3051 971 3111 et
1009 3045 1142 3111 inducit
1167 3047 1344 3112 concedere
1367 3051 1484 3132 peten-

428 3150 519 3216 tibus
541 3149 719 3239 postulate,
734 3153 770 3214 et
791 3151 936 3214 maxime
959 3170 1033 3234 quae
1047 3169 1069 3214 a
1091 3149 1231 3214 rationis
1254 3149 1391 3214 tremite
1414 3168 1482 3213 non

261 3280 291 3314 su
313 3266 320 3280 ·
429 3252 575 3333 devient,
596 3259 632 3320 et
653 3251 795 3318 salntem
818 3250 1001 3336 respiciunt
1022 3251 1223 3317 animarum.
1270 3249 1354 3316 Ecce
1371 3241 1483 3336 'peten

428 3376 527 3442 super
549 3355 746 3445 quibusdam
768 3353 919 3439 negotiis,
935 3374 1049 3418 curem
1072 3358 1106 3418 et
1129 3353 1385 3420 sollicitudinem
1407 3373 1481 3417 ves·

429 3463 575 3525 tremet
606 3481 716 3524 meam
750 3456 977 3544 tangentibus,
999 3477 1039 3521 so
1069 3456 1337 3542 inseparabiliter
1358 3455 1481 3521 nostris

428 3558 574 3626 humeris
589 3559 866 3637 incumbentibus,
883 3581 942 3624 vos
956 3580 1065 3646 nuper
1079 3559 1281 3624 consulendo
1304 3579 1429 3644 rogare,
1446 3563 1498 3638 et
1625 3579 1626 3596 ³

427 3663 573 3747 regendo
603 3664 782 3738 consulere,
805 3661 935 3727 vicibus
958 3661 1119 3746 repetitis,
1143 3681 1267 3747 urgens
1300 3661 1480 3728 necessitas
1625 3667 1626 3680 ¹

427 3785 480 3828 me
509 3765 638 3850 coegit3
671 3770 706 3830 et
738 3765 906 3851 praecipue
936 3763 964 3828 si
997 3763 1110 3848 alique
1141 3764 1299 3830 correctio
1330 3784 1390 3848 per
1418 3782 1478 3827 vos

296 4130 388 4196 arey
429 4118 705 4186 tlt—Lumen
726 4132 831 4182 mess
853 4116 898 4184 H.
922 4131 969 4180 nn
1001 4115 1229 4180 Laernrnonn
1259 4131 1408 4181 emmo
1431 4131 1477 4180 aa

301 4199 374 4249 ¹³²⁷·
604 4220 782 4286 Doonmm
804 4235 942 4285 coreas
964 4233 1141 4284 resmmns
1163 4235 1297 4286 remma

257 4333 289 4386 Β
303 4335 382 4387 ¹⁵⁷⁶·
471 4363 504 4428 A
526 4382 586 4427 son
608 4360 753 4427 trescher
775 4371 809 4425 et
831 4360 909 4424 bien
940 4381 1012 4425 eme
1044 4381 1087 4424 en
1109 4359 1196 4426 Dieu
1220 4359 1262 4426 H.
1285 4360 1326 4426 (16
1350 4359 1477 4446 bappe-

255 4451 520 4570 ffl‘tffinmflode,
543 4469 662 4529 tenaru
683 4463 715 4528 le
738 4463 792 4527 leu
815 4467 928 4528 nostre
951 4461 1119 4527 seneschel
1142 4459 1184 4526 en
1215 4461 1247 4527 16
1280 4467 1402 4527 counte
1435 4463 1475 4526 de
1558 4532 1566 4547 ,

255 4585 364 4635 oenoe-
426 4565 679 4643 Devenescbire,
719 4564 827 4629 Henri
859 4564 979 4629 Priour
1015 4565 1069 4629 del
1107 4563 1246 4650 Esglise,
1276 4569 1345 4642 etc,
1375 4563 1475 4629 selua

253 4651 379 4768 &effi-5¹¹
426 4668 550 4734 Sachez
572 4690 621 4754 qe,
645 4667 676 4732 le
698 4667 751 4752 ijm
770 4667 851 4752 jour
874 4667 915 4731 de
937 4666 961 4732 J
962 4666 1018 4744 uil,
1035 4665 1147 4732 Johen
1162 4667 1252 4752 Pope
1273 4688 1358 4731 nous
1373 4665 1475 4731 bailia

253 4782 387 4845 ennena,
422 4791 489 4834 une
520 4770 619 4835 lettre
650 4773 787 4854 patente
819 4767 950 4833 enseole
985 4768 1026 4833 de
1060 4769 1120 4855 xij.
1143 4767 1226 4834 seule
1260 4768 1384 4834 tunde
1410 4789 1474 4832 une

251 4848 507 4983 fflffgoetcim
528 4875 563 4938 et
584 4872 632 4936 les
654 4870 711 4956 vij.
735 4869 820 4936 seals
843 4871 956 4937 furent
985 4875 1043 4936 tur
1075 4871 1116 4938 de
1140 4891 1203 4937 une
1225 4869 1339 4948 forme,
1363 4875 1399 4936 et
1427 4871 1475 4936 les
