3309 5859
484 883 548 950 322
936 897 1068 948 tussa

528 1087 631 1154 Item:
669 1085 706 1150 Si
753 1085 904 1171 aliquam
942 1086 1176 1152 infirmitatem
1214 1079 1463 1156 incurabilem,
1500 1077 1537 1141 rel

620 1188 770 1253 morbum
809 1189 1038 1274 contagiosum
1067 1187 1228 1263 habeant,
1272 1185 1335 1251 vel
1372 1185 1410 1248 in
1451 1181 1539 1264 aliquo
1594 1183 1595 1206 ¹

620 1291 766 1358 membro
788 1291 932 1377 corporis
956 1291 1081 1356 fuerint
1103 1290 1270 1358 mutilati.

530 1395 614 1458 Cum
637 1393 720 1458 tales
744 1393 855 1460 clerici
870 1394 1069 1480 singillatim
1091 1393 1221 1459 fuerint
1239 1391 1443 1458 examinati
1463 1410 1538 1472 sustu

483 1497 640 1560 omnibus
670 1495 828 1561 articulis
862 1497 1041 1582 praedictis,
1063 1497 1092 1564 si
1126 1495 1236 1562 nichil
1275 1494 1478 1561 canonicum
1504 1492 1536 1554 eis

484 1599 633 1678 obsistat,
658 1596 759 1676 Prior,
785 1597 821 1662 in
845 1599 974 1684 capella
1007 1597 1307 1684 sua,·hujusmodi
1333 1597 1469 1664 clericos
1488 1595 1536 1654 sin·

484 1699 626 1786 gillatim
650 1699 854 1765 manualiter
869 1701 1018 1786 recipiat,
1042 1723 1102 1788 per
1124 1702 1229 1767 verba
1254 1700 1467 1785 subscripta

521 1805 540 1830 “
552 1801 588 1856 In
607 1799 723 1856 nomine
742 1801 858 1858 Sancta
878 1802 1034 1858 Trinitatis
1052 1822 1105 1860 nos
1122 1801 1294 1874 recipimus
1315 1809 1350 1857 et
1374 1797 1535 1855 admittimm

484 1903 513 1952 to
527 1896 563 1952 ad
576 1897 707 1952 ordinem
723 1896 822 1952 Sancti
837 1897 1003 1962 Benedicti,
1016 1903 1047 1952 et
1058 1898 1096 1952 ad
1107 1897 1245 1953 habiturn
1267 1895 1476 1953 monachalem
1486 1912 1533 1963 por

485 1995 605 2048 tandum
620 1991 650 2050 iu
670 1993 727 2050 ista
740 1993 876 2050 Ecclesia
888 2002 1020 2066 tompore
1037 1993 1234 2066 probacionis,
1249 2001 1285 2049 et
1305 1993 1436 2050 ulterius
1453 1994 1533 2044 solem-

486 2090 582 2160 pniter
603 2091 807 2160 profitendum,
830 2092 916 2163 juxta
937 2091 1142 2148 observancias
1164 2092 1329 2162 regulares
1348 2097 1381 2146 at
1400 2088 1529 2145 monim

486 2187 679 2243 sarrrtiones.'’

531 2271 634 2336 Item:
666 2293 740 2336 cum
774 2271 858 2337 tales
895 2271 1004 2338 elerici
1037 2273 1083 2337 sic
1116 2271 1252 2337 admissi
1290 2271 1434 2346 fuerint,
1455 2267 1529 2332 Prior

619 2373 774 2460 injungat
797 2375 852 2451 eis,
869 2374 905 2438 iu
929 2375 1056 2440 virtute
1074 2375 1260 2460 juramenti
1285 2373 1447 2460 praestiti,
1460 2367 1528 2454 quod

620 2478 802 2543 matutinas
818 2482 852 2542 et
874 2499 987 2543 omnes
1002 2477 1099 2543 horas
1121 2483 1155 2543 et
1177 2499 1341 2564 vesperas
1364 2477 1405 2542 de
1427 2475 1525 2540 Sancta

621 2578 727 2644 Maria
749 2578 888 2665 singulis
904 2579 1022 2644 diebus
1046 2578 1181 2658 dicaut3
1204 2586 1240 2644 et
1264 2579 1426 2646 divinum
1446 2573 1526 2639 offici·

620 2704 677 2746 um
699 2687 734 2746 et
756 2681 889 2747 missam
911 2681 948 2745 in
980 2680 1115 2747 ecclesia
1147 2682 1271 2747 cotidie
1309 2681 1455 2755 audiant,
1474 2675 1522 2739 nisi

620 2806 661 2848 ex
684 2803 782 2849 eausa
804 2784 987 2849 necessaria
1010 2783 1134 2848 fuerint
1156 2784 1350 2870 praepediti.

532 2885 638 2950 Item:
661 2885 751 2971 quod
773 2885 882 2950 sobrie
905 2891 940 2951 et
962 2885 1109 2952 modeste
1133 2907 1168 2950 se
1189 2885 1343 2951 habeant
1359 2889 1394 2950 et
1408 2882 1517 2948 honeste

620 2989 778 3074 quamdfr
801 2989 926 3054 fuerint
949 2990 985 3053 in
1007 2989 1126 3054 habitu
1150 2989 1302 3060 seeirlari.

532 3089 638 3154 Item:
670 3091 759 3176 quod
794 3113 815 3156 a
836 3091 1069 3158 communione
1092 3096 1128 3156 et
1149 3091 1325 3177 colloquiis
1358 3111 1393 3155 se
1414 3085 1517 3151 subtu-

618 3191 701 3258 hant
724 3195 873 3258 omnium
895 3216 1111 3281 personarum
1134 3201 1377 3281 suspectarum.

532 3293 635 3360 Item:
659 3295 746 3380 quod
770 3295 811 3362 de
834 3297 930 3363 bonis
953 3298 1032 3377 suis,
1061 3303 1132 3364 tam
1154 3297 1337 3364 mobilibus
1360 3313 1452 3381 quam
1470 3289 1513 3350 im·

621 3398 805 3476 mobilibus
837 3402 1004 3485 sapienter
1036 3408 1071 3465 et
1105 3401 1287 3487 prudenter
1321 3397 1466 3466 ordinent
1491 3393 1513 3450 tl

622 3499 800 3584 disponant
822 3501 864 3565 de
886 3503 1024 3567 consilio
1046 3503 1227 3568 amicorum
1250 3523 1408 3578 suorum,
1437 3499 1466 3559 et
1483 3491 1512 3553 li·

621 3600 705 3680 bros,
737 3604 765 3666 si
803 3625 885 3689 quos
922 3604 1110 3684 habuerint,
1147 3605 1183 3669 in
1220 3603 1358 3670 libraria
1393 3593 1512 3665 Eoclffiiae

623 3703 749 3771 Christi
767 3705 1016 3772 Gentuariensis
1031 3713 1203 3794 reponant,
1218 3703 1432 3794 inspiciendos
1450 3703 1512 3763 tem·

621 3828 699 3892 pore
722 3813 894 3894 oportuno.

533 3906 639 3974 Item:
661 3910 748 3994 quod
772 3909 814 3974 de
836 3916 946 3976 cetero
972 3912 1223 3977 matrimonium
1248 3932 1318 3976 non
1341 3899 1512 3978 contrahent

623 4030 683 4075 nee
706 4011 860 4076 habitum
892 4012 1062 4099 religimis
1096 4014 1178 4080 alibi
1211 4006 1505 4090 assumentesque

629 4113 767 4180 consilio
790 4121 827 4179 et
849 4137 1011 4183 consensu
1032 4117 1166 4186 Prioris.

338 4355 445 4473 ”latagi
492 4353 808 4420 315.-Oouu1ss10
831 4355 968 4423 Donum
989 4359 1265 4424 Ascnmrrscorr
1287 4372 1396 4424 rscrs
1408 4353 1506 4418 hunss

426 4459 432 4473 ·
649 4473 696 4521 ou
741 4457 959 4525 Fsvnssusrr
1002 4479 1051 4526 ns
1096 4477 1230 4526 numm
1275 4457 1503 4537 ceraunium

313 4541 344 4592 ¹¹·
358 4543 442 4594 ¹⁸⁷⁶·
647 4576 745 4624 suso
766 4561 903 4628 Dorum
926 4578 1120 4630 ucccxxx0.

312 4720 460 4850 ffioffh'
536 4732 662 4818 Symon
684 4736 898 4820 permissione
921 4738 1036 4802 divina
1051 4737 1305 4804 cantuariensis
1318 4730 1502 4819 Amhiepiseu

311 4868 456 4904 eunomus
491 4855 562 4920 pus,
585 4840 653 4912 etc,
677 4837 829 4904 collector
853 4839 987 4905 decimae
1011 4841 1257 4928 quadriennalis
1293 4841 1463 4908 reddituum
1477 4832 1499 4890 tl
