3309 5859
462 813 525 868 306
908 820 1040 868 LITERAE

459 1011 584 1077 Datum
641 1011 831 1079 Cantuariae
876 1011 955 1098 xiijo
986 1012 1039 1079 die
1071 1012 1210 1100 Aprilis,
1255 1033 1348 1078 anno
1377 1010 1525 1076 Domini
1605 1018 1609 1029 '

459 1125 737 1182 M⁰CCC¹¹¹⁰XXX¹¹²⁰.

324 1299 426 1362 (¹³³⁰·)
463 1306 735 1376 aaz-arnam
772 1324 978 1373 cauoascna
1001 1326 1049 1374 aa
1070 1324 1335 1376 transmissus
1367 1324 1527 1374 coassa-

293 1427 323 1474 ι.
338 1427 418 1473 ιτοα.
552 1427 743 1476 ruoismus
767 1411 945 1476 Eoonssia
961 1412 1247 1479 Camuiarnusrs
1263 1427 1525 1476 oasaamnis.

292 1573 426 1624 mersor
512 1537 604 1603 Inter
641 1539 708 1604 alia
745 1540 893 1626 speciosa
925 1540 1048 1623 quibua
1086 1547 1226 1605 ornatur
1256 1561 1338 1604 cura
1377 1537 1527 1603 sollicita

295 1639 431 1754 wudinsk
466 1641 647 1728 pastoralis,
671 1641 755 1707 illud
787 1643 945 1708 nimirum
980 1643 1196 1709 excellentius
1229 1643 1337 1729 ipsam
1374 1643 1524 1713 decorat,

291 1714 555 1830 limodquod
578 1745 690 1810 unitas
714 1745 803 1810 inter
836 1753 968 1832 patrem
991 1750 1027 1824 et
1047 1746 1134 1812 filios
1156 1745 1346 1832 spirituales
1369 1746 1527 1830 optineat

295 1849 453 1956 {dilelowith
467 1846 697 1932 prinsipatum‚
722 1869 795 1934 quae
818 1847 905 1933 ipsos
932 1847 1091 1933 utrinque
1114 1848 1150 1911 in
1172 1848 1311 1912 caritate
1327 1845 1524 1911 consolidet.

294 1973 411 2022 vitatae
467 1948 502 2011 in
525 1947 771 2032 tranquillitate
794 1951 975 2026 confirmet,
999 1956 1033 2015 et
1055 1949 1203 2014 molestis
1226 1949 1410 2014 eventibus
1435 1950 1526 2012 viam

292 2041 382 2170 ffigp
468 2049 657 2134 praecludat.
705 2049 801 2128 Sane,
840 2049 1024 2116 laudabiles
1061 2051 1317 2117 consuetudines
1364 2050 1525 2115 Ecclesiae

292 2173 444 2234 armenem
469 2156 588 2214 vestrae
612 2151 862 2216 Cantuariensia
897 2153 991 2218 deoet
1029 2158 1062 2218 at
1085 2154 1220 2240 expedit
1243 2151 1425 2228 observari,
1448 2173 1523 2236 qnae

294 2239 448 2355 {gtflgl'gfffl
468 2258 671 2318 convertunt
694 2252 730 2316 in
753 2253 839 2318 filios
854 2255 955 2320 corda
975 2261 1119 2342 patrum,
1142 2262 1177 2320 et
1199 2255 1289 2342 ipsos
1310 2255 1466 2320 excitant
1489 2267 1522 2316 et

293 2388 389 2422 reeom-
468 2354 631 2420 inducunt
667 2355 711 2420 ad
748 2355 975 2421 exhibendum
1008 2358 1233 2444 superioribus
1267 2357 1338 2421 suis
1369 2355 1520 2420 debitam

297 2437 453 2490 menalion.
467 2457 688 2524 reverentiam
724 2463 758 2522 et
792 2457 959 2543 honorem.
1020 2460 1153 2526 Placeat
1184 2460 1289 2546 igitur
1319 2458 1518 2545 paternitati

465 2567 585 2625 vestrae
609 2561 749 2626 devotos
772 2561 859 2626 filios
880 2569 1010 2626 vestros
1033 2562 1154 2628 lintres
1176 2562 1217 2628 A
1240 2567 1276 2626 et
1297 2559 1343 2638 B,
1368 2562 1412 2626 ad
1436 2583 1518 2647 prae·

465 2662 606 2727 sentiam
631 2669 776 2728 vestram
807 2685 868 2750 per
902 2663 1096 2750 Capitulum
1128 2665 1323 2740 destinatos,
1355 2664 1400 2728 ad
1422 2663 1518 2727 audi·

464 2765 588 2828 entiam
626 2765 805 2830 admittere
838 2765 935 2830 corde
958 2765 1112 2852 benigno,
1135 2771 1171 2830 et
1198 2765 1334 2851 negotia
1357 2763 1515 2848 Capituli,

463 2889 522 2953 per
544 2868 630 2954 ipsos
657 2868 722 2932 ista
745 2868 816 2933 vice
840 2867 1040 2934 fiducialiter
1062 2868 1266 2955 exponenda,
1296 2866 1437 2932 feliciter
1459 2889 1513 2930 ex-

463 2967 574 3054 pedire
585 2993 592 3047 ;
627 2969 871 3034 considerantes
908 2971 1116 3036 incommoda
1154 2970 1314 3057 temporis
1348 2970 1513 3044 instantis,

463 3071 542 3156 quia
564 3071 674 3156 plures
696 3070 856 3156 deprimit
869 3072 1054 3138 adversitas
1069 3073 1258 3151 mundialis,
1275 3094 1358 3160 quoa
1374 3071 1513 3136 extollat

463 3194 551 3238 vana
573 3174 773 3258 prosperitas
796 3173 862 3239 hiis
885 3174 1009 3240 diebus
1059 3175 1189 3253 Valeat,
1211 3177 1267 3242 &a

322 3373 427 3422 rosea.
466 3365 778 3432 298.-—Ooim1ssro
801 3367 944 3432 Pa10a1s
961 3383 1071 3433 sacra
1087 3368 1225 3432 Taoua
1249 3367 1441 3433 Suraaroai
1465 3381 1509 3429 oa

295 3531 318 3580 L
341 3444 411 3581 ἰξὲῗι
565 3485 807 3533 NOMINATIONE
830 3486 997 3536 saaraim
1010 3487 1059 3534 AD
1082 3487 1222 3535 orrlcm
1244 3486 1401 3534 mvnasa

293 3661 333 3712 'rh
362 3662 403 3711 Pn·
511 3595 666 3662 Salutem.
714 3597 801 3677 Quia
831 3599 946 3663 messis
983 3605 1035 3664 est
1071 3600 1180 3664 multa
1202 3605 1237 3663 et
1268 3597 1410 3684 operarii
1432 3602 1508 3661 sunt

296 3679 441 3780 abscensor,
465 3699 569 3783 pauci,
592 3704 722 3784 oportet
744 3721 860 3786 rogare
883 3701 1065 3765 Dominum
1087 3702 1203 3767 messis
1222 3705 1263 3765 ut
1276 3702 1394 3764 mittat
1431 3721 1504 3784 ope-

292 3796 412 3910 Ῑῐθωξξξ
465 3802 567 3866 rarios
582 3801 618 3866 in
634 3823 772 3866 messem
789 3824 891 3868 suam.
939 3802 1093 3868 Caelestis
1115 3805 1205 3869 enim
1228 3803 1385 3889 Agricola
1405 3801 1506 3864 multa

293 3878 445 3994 mai-mo·
464 3903 657 3990 plerumque
691 3904 864 3969 abscondit
885 3927 907 3970 a
928 3905 1133 3990 sapientibus
1156 3912 1192 3972 et
1223 3904 1451 3992 prudentibus,
1471 3909 1503 3967 et

295 3997 416 4112 ²2⁰⁰}ng
466 4027 505 4070 ea
542 4005 691 4091 parvulis
713 4006 847 4071 revelat.
894 4008 946 4072 Do
979 4007 1139 4073 fratribus
1171 4008 1216 4073 ad
1249 4007 1360 4073 officia
1382 4008 1505 4071 diversa

293 4079 388 4193 lapsa
398 4132 436 4178 sor
466 4107 560 4175 vobis
575 4108 681 4194 pridie
697 4109 897 4189 nominatis;
919 4110 962 4174 ad
978 4111 1235 4195 preficiendum,
1250 4117 1286 4174 et
1302 4110 1340 4173 in
1356 4108 1502 4194 Capitulo

291 4197 453 4310 bleapurldlf
464 4210 617 4296 puppliee
654 4211 902 4288 nominandum,
940 4212 1058 4277 fratres
1096 4212 1278 4279 Ricardum
1316 4211 1359 4276 da
1390 4211 1501 4275 Ikham

291 4327 335 4386 ina
348 4279 441 4378 illum
465 4312 642 4377 Custodem
666 4313 887 4378 maneriorum
911 4319 1100 4379 nostrorum
1116 4315 1157 4380 de
1184 4314 1317 4392 Waldis,
1350 4313 1499 4378 Thomam

290 4395 428 4511 affiffln
465 4416 505 4479 de
533 4415 709 4480 Sandwico
733 4416 1000 4494 Beitlronarium‚
1023 4416 1187 4483 Thomam
1204 4417 1345 4482 Golston
1376 4417 1500 4480 tertium

289 4535 356 4576 vent·
465 4517 653 4597 Castorem,
675 4523 710 4583 et
739 4517 901 4586 Thomam
925 4522 966 4586 de
989 4519 1236 4608 Holyngboum
1261 4519 1498 4604 Coquinarium,

462 4620 557 4685 vobis
595 4621 835 4687 committimus
870 4623 959 4687 vices
1005 4628 1142 4688 nostras.
1206 4621 1377 4708 Scriptum
1421 4617 1498 4706 apud

462 4722 584 4786 Welles
618 4724 672 4787 die
716 4723 848 4789 Sanctia
887 4724 1060 4790 Mildredae
1098 4724 1257 4810 Virginis,
1301 4744 1391 4788 anno
1433 4720 1502 4786 Dni.

461 4837 744 4890 M⁰cccm0xxlx¹10.
