3309 5859
463 895 529 964 274
920 911 1056 960 munna

462 1097 662 1182 provisionis
698 1097 885 1184 specialiter
922 1119 991 1174 nos,
1023 1103 1057 1162 et
1081 1095 1265 1162 Ecclesiam
1299 1103 1477 1170 nostram,
1508 1102 1536 1158 et

463 1196 637 1284 privilegia
668 1205 793 1274 nostra,
831 1199 1015 1285 contingit;
1048 1199 1171 1284 quibus
1204 1197 1464 1285 praejudicare,
1476 1217 1533 1260 nec

464 1303 513 1382 eb,
541 1301 665 1367 eisdem
704 1301 854 1366 recedere
886 1301 1091 1366 intendimus
1124 1301 1358 1386 quovismodo,
1409 1301 1461 1364 Et
1492 1321 1529 1362 ue

464 1405 761 1470 circumveniamur
775 1405 811 1468 in
835 1403 999 1468 brevitate
1014 1405 1173 1490 temporis
1188 1425 1249 1490 per
1263 1403 1399 1468 dictum
1416 1402 1529 1466 Abba-

465 1515 533 1572 tem
555 1507 717 1592 assignati
737 1506 781 1571 ad
804 1505 995 1590 hujusmodi
1028 1506 1290 1590 inquisitionem,
1321 1505 1526 1571 auctoritate

464 1616 584 1687 vestra,
607 1609 809 1694 capiendam,
832 1609 867 1672 iu
891 1614 1072 1694 quoactus
1090 1609 1265 1694 judiciales
1288 1609 1325 1672 in
1353 1607 1469 1674 nausis
1495 1618 1525 1671 ct

467 1712 608 1798 negotiis
630 1710 785 1798 litigiosis
807 1731 875 1775 non
903 1708 1011 1775 solent
1032 1709 1194 1776 hactenus
1221 1711 1369 1777 exerceri
1381 1735 1389 1788 ;
1413 1717 1523 1796 pater·

467 1815 609 1880 nitatem
647 1820 792 1878 vestram
838 1813 1035 1898 requirimus
1073 1819 1108 1878 et
1144 1834 1307 1900 rogamus,
1354 1813 1522 1898 quatinus,

465 1939 564 2004 super
595 1915 786 2002 hujusmodi
817 1914 1015 2002 provisionis
1045 1915 1215 2002 negotium
1253 1914 1369 1980 velitis
1407 1935 1521 2000 super-

464 2018 585 2094 sedere,
608 2023 643 2082 et
665 2016 804 2102 praefato
826 2015 952 2080 Abbati
985 2015 1073 2100 quod
1105 2015 1167 2081 hoc
1201 2016 1290 2082 idem
1324 2016 1440 2094 faeiat,
1465 2036 1520 2100 per

464 2119 594 2185 litteras
627 2129 766 2197 vestras,
787 2119 953 2197 mandare,
978 2117 1081 2182 donec
1114 2119 1155 2183 de
1182 2118 1317 2203 juribus
1349 2123 1386 2182 et
1417 2119 1518 2204 privi-

463 2222 559 2309 legiis
581 2221 701 2287 nostris
725 2223 760 2286 iu
785 2221 847 2286 bac
877 2225 972 2306 parte
1003 2219 1133 2306 plenius
1167 2220 1301 2286 fueritis
1336 2221 1517 2286 informati

464 2325 537 2390 Nec
560 2325 668 2388 visum
698 2328 750 2388 est
782 2322 953 2398 hactenus,
979 2343 1039 2388 nee
1072 2323 1235 2400 auditum,
1270 2323 1360 2410 quod
1393 2323 1516 2389 Cant-u-

462 2427 600 2491 ariensis
624 2424 901 2510 Archiepiscopus
923 2425 1154 2490 auctoritatem
1190 2447 1284 2490 suam
1317 2427 1516 2491 commiserit

462 2528 562 2594 alicui
584 2527 718 2606 Abbati,
742 2525 793 2590 vel
818 2525 916 2590 alteri
946 2547 1093 2612 personae
1125 2531 1298 2613 exemptas,
1320 2527 1365 2592 ad
1395 2527 1516 2592 facien·

463 2630 541 2694 dum
565 2629 711 2714 aliquam
734 2625 962 2692 executionem
993 2626 1237 2713 dispendiosam
1268 2650 1330 2695 uec
1363 2629 1515 2715 praejudi-

463 2731 579 2797 cialem
626 2735 741 2796 contra
786 2725 981 2814 Capitulum
1027 2735 1061 2793 et
1105 2729 1282 2816 privilegia
1337 2731 1514 2816 apostolica

463 2833 617 2899 Eoelesiae
632 2853 702 2897 suae
726 2829 984 2896 Cantuarieusis.
1032 2829 1287 2917 Beueplacitnm
1310 2849 1458 2898 vestrum
1482 2836 1513 2899 in

463 2935 529 3000 hiis
550 2941 586 3000 et
607 2935 682 3000 aliis
704 2934 800 2999 nobis
823 2955 882 3018 per
905 2932 1054 3018 bajulum
1078 2935 1292 3020 presentium
1325 2937 1513 3002 renuntiare

465 3038 585 3104 velitis.
631 3037 723 3102 Dete
745 3037 781 3100 in
805 3035 962 3122 Capitulo
992 3042 1117 3114 uestro,
1139 3036 1194 3122 iijo
1218 3037 1379 3106 kalendas
1411 3039 1513 3105 Janu·

464 3142 536 3218 arii,
559 3161 647 3205 anno
669 3138 747 3204 Dni.
770 3137 971 3225 supradicte.

322 3437 350 3482 ¹¹
364 3433 430 3485 nov.
478 3436 653 3505 tta-De
675 3449 910 3498 couaussmuu
933 3447 1052 3498 osusn
1077 3449 1248 3498 neonusuu
1271 3451 1318 3500 nn
1341 3435 1499 3502 Waunou

293 3505 411 3667 111³?
810 3533 973 3600 Emuusrs
997 3553 1167 3602 armensis

319 3653 325 3667 .
396 3631 423 3667 d.

295 3748 444 3810 marrier,
513 3706 581 3771 Suo
604 3703 694 3790 patri
716 3702 856 3767 devotus
880 3700 970 3764 filius
1000 3700 1036 3765 id
1058 3703 1147 3785 quod
1178 3702 1283 3788 possit
1312 3704 1513 3780 obedientiae,

292 3815 422 3867 atrhein-
468 3807 671 3882 reverentiae,
687 3810 722 3869 et
736 3802 877 3867 honoris.
924 3801 979 3867 Ad
1002 3803 1250 3886 requisitionem
1273 3805 1388 3870 dilecti
1403 3808 1512 3887 nostri,

295 3882 563 4002 :nfflffvobis
587 3908 709 3983 devoti,
734 3905 822 3971 Petri
847 3905 951 3990 Byne,
975 3907 1165 3970 mercatoris
1188 3908 1228 3972 de
1253 3906 1417 3974 Societate
1439 3911 1513 3974 Bur-

294 4017 445 4068 otthofirm
468 4016 593 4088 dorum,
616 4032 677 4075 nos
699 4009 863 4072 instanter
887 4007 1041 4092 rogantis,
1057 4009 1293 4092 paternitatem
1310 4017 1452 4076 vestram
1468 4035 1511 4076 rs·

294 4085 416 4201 {filios
467 4115 628 4200 quirimus
651 4117 686 4176 et
709 4131 872 4194 rogamus,
896 4108 1054 4193 quatinus
1077 4129 1209 4174 causum
1233 4133 1308 4196 quae
1347 4113 1383 4176 in
1418 4114 1512 4180 Curia

295 4218 427 4297 florenos,
467 4222 580 4282 vestra
602 4211 836 4280 Ceutuariensi
860 4209 1066 4295 aliquamdiu
1089 4212 1291 4290 vertebatur,
1308 4221 1344 4278 et
1360 4237 1448 4280 nunc
1462 4237 1509 4281 co-

295 4283 438 4414 ffirffi
467 4341 539 4384 ram
554 4317 649 4382 vobis
665 4315 806 4400 pendere
822 4311 947 4375 dicitur
960 4311 1114 4389 indecisa,
1131 4313 1299 4379 occasione
1311 4315 1454 4382 ecclesiae
1475 4317 1511 4380 de

294 4416 378 4466 ΜΘ
468 4420 622 4486 Waddon
645 4415 788 4481 Elieusis
820 4413 978 4488 dioecesis,
1002 4415 1089 4478 inter
1111 4413 1299 4481 Jobannem
1323 4417 1364 4482 de
1395 4418 1509 4484 Steun-

296 4481 539 4600 fflffltord
578 4521 732 4587 clericum
765 4523 909 4585 actorem
942 4539 984 4580 ex
1018 4522 1110 4602 parte
1144 4539 1220 4594 una,
1252 4523 1286 4582 et
1320 4519 1510 4586 Nicholaum

298 4616 399 4732 2⁸30
470 4626 614 4692 Bandini
652 4624 693 4688 de
728 4620 896 4686 Falconor’
941 4642 982 4684 ex
1016 4619 1129 4697 altera,
1167 4624 1372 4688 committere
1410 4625 1511 4690 velitis

233 4745 237 4752 ’
298 4746 419 4812 separor
474 4727 642 4818 Magistris
679 4725 815 4790 'lhomae
864 4723 905 4786 de
955 4721 1182 4787 Oherminster
1219 4725 1453 4804 examinatore,
1481 4735 1511 4792 et

298 4812 451 4933 md!
472 4829 652 4897 Laurentio
675 4825 831 4902 Fastolfe,
854 4823 1045 4940 et'Thomae
1068 4825 1108 4890 de
1140 4825 1314 4906 Bedesord,
1351 4829 1511 4896 advocatis
