3309 5859
402 951 444 1012 82
840 963 980 1013 eirene.

230 1151 386 1278 ξζξξξέω
403 1155 438 1216 et
460 1150 608 1215 exitibus
631 1149 777 1235 ejusdem
801 1150 881 1214 anni
905 1149 946 1214 de
970 1149 1059 1214 dieto
1082 1147 1228 1212 manerio
1261 1147 1453 1232 provenien·

231 1283 369 1344 „wem
407 1254 519 1330 tibus;
543 1253 706 1329 videlieet,
730 1274 804 1317 eum
827 1273 927 1338 crepa
950 1253 1108 1316 frumenti
1143 1251 1185 1316 de
1219 1248 1348 1331 xxxvij.
1372 1248 1455 1313 aeris

232 1350 311 1398 torol

232 1415 344 1542 {lilla
406 1464 441 1522 et
463 1457 602 1520 dimidia
624 1457 803 1530 seminatis,
825 1477 923 1542 eropa
945 1456 1035 1521 ordei
1058 1456 1098 1520 tle
1121 1455 1178 1541 vij.
1202 1455 1285 1521 acris
1317 1453 1457 1518 semina-

236 1547 343 1598 ΟΜ·
409 1561 463 1634 tis,
487 1581 585 1645 crepa
608 1560 756 1624 labarum
773 1566 808 1622 et
840 1559 982 1644 pisorum
1016 1559 1056 1624 de
1088 1545 1233 1644 quinquie
1255 1557 1339 1623 acris
1362 1555 1459 1622 semi-

233 1617 346 1732 iiiiii
409 1662 507 1736 nutis,
530 1682 629 1746 cmpa
651 1681 820 1726 vesearurn
844 1660 883 1724 de
907 1659 982 1746 iiijer
996 1660 1079 1724 acris
1101 1658 1280 1736 seminatis
1304 1665 1337 1724 et
1362 1677 1460 1742 crepa

235 1749 303 1800 ⁰⁰⁰¹
415 1784 597 1828 avenarum
636 1763 678 1826 de
700 1762 745 1827 xl.
769 1761 853 1828 aeris
876 1761 1056 1838 seminatis,
1078 1760 1114 1824 in
1136 1762 1274 1848 grangia
1297 1760 1460 1827 dictorum

408 1867 532 1932 Peioris
564 1872 598 1930 et
621 1865 815 1930 Conventus
849 1865 977 1952 integre
1009 1864 1160 1950 repositis
1172 1889 1180 1944 ;
1214 1870 1248 1930 et
1281 1886 1355 1930 eum
1387 1869 1460 1928 toto

408 1977 520 2035 stauro
555 1969 590 2033 iu
625 1968 783 2054 praedicto
814 1969 969 2044 manerio,
992 1969 1079 2032 festo
1112 1973 1146 2032 et
1169 1989 1257 2034 anno
1284 1967 1457 2054 praedietis

410 2077 605 2136 remanente
628 2076 663 2134 et
697 2069 885 2148 existente3
908 2070 1073 2144 videlieet,
1097 2069 1141 2154 vj.
1166 2077 1286 2135 stettos
1318 2069 1462 2156 pretium

409 2173 589 2259 cujuslibet
621 2195 651 2235 x.
668 2197 703 2251 s,
727 2172 773 2258 iij.
806 2171 907 2237 boves
942 2171 1086 2258 pretium
1135 2171 1312 2256 cujuslibet
1360 2170 1417 2256 xij.
1429 2194 1464 2246 a,

411 2275 530 2360 xxviij.
553 2274 718 2340 multones
753 2275 899 2361 pretium
931 2273 1109 2360 cujuslibet
1132 2279 1238 2354 xv.d.‚
1261 2275 1307 2362 iij.
1330 2273 1464 2338 hurtar·

412 2377 471 2442 dos
519 2376 661 2463 pretium
715 2375 891 2461 cujuslibet
937 2399 993 2440 xx.
1006 2375 1047 2458 d,
1087 2375 1135 2448 xl.
1174 2400 1251 2443 ores
1310 2375 1462 2441 matriees

410 2481 555 2568 pretium
598 2479 775 2565 cujuslibet
817 2479 874 2565 xij.
889 2479 930 2556 d,
963 2481 1036 2569 xiiij
1081 2486 1276 2572 hoggastros
1309 2484 1344 2546 et
1389 2477 1460 2542 xix.

411 2606 522 2671 gerres
554 2582 696 2669 pretium
731 2581 910 2668 cujuslibet
943 2605 974 2648 x.
987 2583 1029 2662 d,
1053 2590 1169 2653 xxxix.
1193 2607 1296 2672 agnos
1318 2581 1463 2669 pretium

413 2709 468 2750 xx.
480 2711 506 2750 a.
530 2685 574 2770 vj.
585 2684 640 2763 d.;
662 2684 851 2750 habendum
875 2691 910 2750 et
933 2689 1112 2755 tenendum
1136 2687 1329 2776 praedictum
1352 2705 1464 2748 mane-

412 2791 509 2865 rium,
532 2809 606 2853 enm
641 2787 826 2852 redditibus
862 2793 896 2852 et
929 2789 1003 2854 aliis
1027 2794 1181 2878 pmfieuis
1204 2791 1281 2856 inde
1313 2786 1465 2876 proveni·

414 2892 556 2966 entibus,
580 2912 648 2956 una
671 2911 745 2956 eum
769 2896 840 2955 tote
863 2912 982 2978 genere
999 2893 1088 2960 bladi
1114 2903 1148 2961 et
1170 2892 1276 2959 stauri
1300 2890 1465 2978 predicto,

415 2995 555 3084 praelato
578 2992 733 3069 Johanni,
756 3015 777 3057 a
800 2993 958 3078 praedicto
981 2995 1064 3063 festo
1088 2997 1151 3065 Sei
1176 2995 1347 3062 Michaelis
1362 3013 1466 3078 usque

416 3099 581 3164 adfinem
605 3095 663 3182 xij.
687 3117 848 3161 annemm
883 3099 1090 3183 sequentium
1113 3101 1260 3188 plenaria
1292 3095 1467 3184 completo-

417 3223 515 3281 rum;
537 3198 704 3265 reddendo
727 3197 804 3264 inde
827 3201 1013 3281 annuatim,
1037 3203 1158 3268 eisdem
1182 3201 1288 3266 Priori
1324 3204 1359 3265 et
1381 3197 1465 3265 Ceu·

418 3303 537 3370 ventui
576 3303 630 3368 vel
669 3304 815 3388 ipsomm
855 3303 991 3380 custodi,
1031 3327 1088 3370 seu
1138 3305 1258 3371 nuntio
1296 3311 1396 3380 certo,
1433 3301 1468 3364 in

419 3407 566 3474 manerio
600 3426 660 3470 suo
695 3405 736 3470 de
768 3404 962 3490 Beekyngg
987 3407 1056 3492 viij.
1092 3407 1193 3474 libras
1227 3407 1468 3492 sterlingorum,

420 3511 464 3574 ad
493 3507 650 3573 terminos
674 3507 900 3592 infrascriptos
912 3531 920 3584 ;
945 3507 1108 3585 videlieet,
1132 3511 1188 3575 be.
1231 3509 1341 3574 Saluis
1364 3506 1468 3572 eidem

424 3611 533 3677 Priori
572 3616 607 3675 et
630 3609 820 3675 Conventui
856 3609 1058 3675 omnimodis
1096 3612 1235 3677 eseaetis
1273 3615 1308 3676 et
1343 3607 1469 3675 eatallie

424 3715 595 3779 hominum
645 3733 778 3776 suorum
823 3711 968 3776 lelonum
1013 3714 1266 3800 dampnatomm
1311 3718 1345 3778 et
1386 3711 1472 3798 lugi-

425 3817 570 3880 tiromm
608 3814 749 3878 durante
780 3813 876 3877 firma
903 3815 1071 3898 predicta.
1134 3815 1297 3881 Prmterea
1328 3815 1473 3901 prefatus

426 3918 596 3983 iohannes
620 3916 727 3980 solvet
759 3915 933 3979 annuatim
967 3916 1054 3982 infra
1077 3919 1256 3982 terminum
1279 3917 1473 4003 praedictum

428 4021 557 4089 custodi
580 4019 720 4084 manerii
743 4018 784 4082 de
808 4017 991 4105 Boekingg,
1015 4021 1072 4104 qui
1105 4043 1165 4108 pro
1196 4029 1343 4108 tempore
1366 4020 1474 4096 fuerit,

430 4147 488 4189 sex
528 4122 650 4187 solidos
688 4127 722 4184 et
760 4120 830 4205 riij.
869 4120 1030 4198 denarios,
1053 4144 1114 4208 pro
1153 4123 1306 4210 expensis
1343 4123 1411 4188 suis
1433 4123 1475 4188 ad

430 4224 708 4312 supervidendum
751 4228 901 4286 staurum
946 4224 1027 4289 dieti
1076 4226 1212 4290 manerii
1246 4227 1286 4291 de
1320 4225 1474 4312 Merseye.

432 4332 477 4395 Et
516 4327 695 4414 pradictus
748 4323 918 4390 Johannes
957 4327 1172 4406 sustentabit,
1210 4329 1278 4392 suis
1338 4327 1478 4415 propriis

432 4431 630 4518 sumptibus,
670 4449 783 4492 omnes
833 4428 955 4506 domos,
994 4430 1178 4516 curtilagia,
1226 4441 1261 4495 et
1298 4429 1479 4496 clausturas

435 4534 541 4599 telius
565 4530 702 4596 rrranerii
726 4529 875 4616 praedicti
900 4531 941 4595 de
974 4531 1116 4620 Mersey‚
1138 4534 1175 4597 in
1207 4532 1294 4598 bono
1329 4539 1363 4598 et
1394 4553 1483 4598 eom·

435 4635 565 4721 pelenti
604 4639 704 4709 statu,
744 4631 780 4695 in
818 4639 1024 4719 coopertura,
1059 4641 1093 4699 et
1130 4634 1305 4712 claustura,
1339 4635 1481 4702 durante

437 4739 577 4802 mrmino
601 4739 706 4800 firmae
730 4735 904 4821 praedictae.
965 4736 1034 4802 Nee
1058 4737 1157 4802 l'aeiet
1188 4736 1315 4822 aliquid
1338 4744 1481 4803 wastum

435 4865 495 4910 uec
518 4847 773 4930 strepernentrmr
797 4841 831 4905 in
858 4839 1008 4905 domibus
1032 4861 1091 4905 nee
1114 4839 1287 4906 arboribus
1309 4840 1346 4905 in
1369 4841 1483 4908 00de
