3309 5859
920 870 1056 919 LITERAE

320 1137 423 1195 (Μ)
720 1146 1008 1213 355.—D1vuasn
1032 1163 1271 1213 uoumouss

292 1253 322 1303 L.
335 1251 381 1301 ob.

292 1368 432 1417 lronirions
511 1312 553 1378 Iu
576 1312 640 1377 Dci
663 1314 797 1377 nomine
819 1335 924 1378 amon
972 1312 1064 1377 Licet
1087 1320 1135 1392 te,
1151 1316 1190 1381 A
1217 1314 1262 1379 de
1291 1312 1349 1391 B.‚
1368 1310 1499 1397 saepius
1519 1320 1544 1373 et

290 1437 427 1485 erroreum
464 1416 619 1481 canonice
657 1416 891 1493 monuerimus,
929 1417 965 1480 in
1003 1418 1130 1481 virtute
1161 1422 1294 1483 sanctae
1330 1413 1542 1479 obedientis.

287 1503 431 1619 {2:223
465 1518 554 1603 quod
577 1518 663 1583 infra
685 1526 811 1583 certum
835 1524 965 1603 tempus
984 1516 1054 1603 jam
1079 1519 1243 1605 clapsum,
1260 1518 1429 1583 crederes
1454 1515 1539 1579 nous

289 1586 370 1710 nli„
464 1618 607 1684 fluenter
629 1620 665 1683 in
687 1618 1000 1705 superseminare
1023 1624 1058 1685 er
1079 1626 1202 1706 aperte,
1227 1619 1383 1685 nomina
1408 1618 1538 1683 urorum
1611 1661 1617 1702 ι

286 1710 446 1831 malim·
462 1720 686 1807 cujuscunque
723 1720 936 1798 conditionis
985 1722 1121 1801 ordinis,
1159 1727 1280 1799 status,
1338 1721 1402 1786 vel
1443 1742 1537 1785 sexus
1611 1719 1618 1754 ²

290 1806 416 1911 iniere]
462 1826 653 1899 existerent,
687 1824 810 1909 quibus
844 1829 882 1887 tu
917 1824 1048 1901 teneris,
1081 1824 1118 1889 in
1152 1823 1266 1911 aliqua
1305 1845 1452 1891 summa
1484 1846 1535 1908 pe

289 1904 417 2027 qffito
462 1928 568 1991 cuniae
591 1925 645 1991 vel
668 1925 764 1989 bonis
794 1925 869 1990 aliis
893 1926 1158 2013 quibuscunque,
1180 1932 1214 1991 et
1238 1926 1421 2003 similiter,
1447 1948 1534 1989 sum·

288 2034 385 2083 minute
461 2050 549 2094 mam
583 2034 619 2093 et
650 2050 763 2094 veram
797 2028 1020 2112 quantitatem
1059 2028 1239 2094 corumdem
1277 2028 1470 2107 bonorum,
1502 2036 1530 2091 et

286 2103 437 2221 qqqqanof
461 2138 584 2197 certam
616 2152 757 2211 causam,
790 2150 833 2193 ex
866 2150 932 2214 qua
964 2152 1062 2197 causa
1095 2129 1149 2195 vel
1181 2130 1301 2208 colore,
1326 2136 1367 2195 tn
1406 2131 1530 2195 teneris

284 2246 367 2318 traus-
460 2234 541 2320 ipsis
563 2234 600 2297 in
622 2232 736 2317 aliqua
758 2253 888 2295 summa
910 2232 1058 2317 pecunise
1081 2232 1133 2296 vel
1158 2232 1255 2297 bonis
1277 2231 1360 2296 aliis
1387 2232 1527 2317 quibus

287 2319 392 2357 actions.
459 2357 596 2420 cunque.

502 2438 607 2501 Item:
645 2436 750 2516 Quod,
789 2436 878 2501 infra
916 2436 1002 2500 idem
1043 2444 1185 2521 tempus,
1224 2436 1379 2501 traderes
1423 2438 1519 2501 nobis

457 2539 600 2605 fideliter
639 2541 675 2603 in
713 2539 844 2624 scriptis
882 2540 1017 2603 nomina
1051 2538 1197 2603 omnium
1230 2538 1376 2617 illorum,
1412 2541 1520 2625 cujus-

458 2664 586 2728 cunque
628 2642 837 2717 conditionis,
881 2642 1014 2721 ordinis,
1050 2646 1168 2716 status,
1200 2639 1254 2705 vel
1293 2664 1398 2707 sexus
1435 2643 1517 2705 exis-

457 2750 575 2819 terent,
599 2745 657 2829 qui
680 2744 743 2808 tibi
775 2744 975 2809 tenebantur
998 2744 1034 2807 in
1057 2742 1169 2829 aliqua
1191 2765 1322 2809 summa
1354 2744 1515 2830 pccuniae,

457 2853 492 2911 ct
514 2846 667 2911 similitor
689 2868 852 2911 summam
877 2850 911 2911 et
934 2867 1047 2910 veram
1071 2846 1296 2931 quantitatem
1332 2846 1512 2911 eorundem

457 2950 630 3025 bonorum,
664 2970 793 3013 necnon
831 2954 954 3014 certam
988 2970 1132 3026 causam,
1154 2970 1197 3012 ex
1232 2970 1299 3033 qua
1330 2970 1435 3013 causa
1464 2950 1511 3013 rel

457 3051 574 3128 colore,
597 3052 660 3137 ipsi
683 3051 884 3115 tenebantur
906 3051 971 3115 tibi
1006 3052 1043 3116 in
1075 3051 1187 3136 aliqua
1209 3072 1340 3115 summa
1364 3053 1510 3135 [recuniae

456 3153 510 3217 vcl
533 3152 626 3217 bonis
650 3152 724 3217 aliis
748 3151 1011 3236 quibuscunque,
1045 3152 1107 3216 sub
1139 3172 1240 3238 poene
1274 3150 1510 3216 inobedientiae

457 3261 491 3318 ot
514 3255 649 3339 majoris
673 3254 1026 3319 excommunicationis
1051 3254 1219 3319 sententia
1250 3253 1461 3331 incurrenda,
1482 3253 1505 3316 si

456 3357 693 3422 monitionibus
716 3356 839 3421 nostris
862 3354 1053 3439 hujusmodi
1077 3376 1144 3421 non
1167 3377 1306 3442 parares

500 3460 607 3525 Itcm:
646 3459 742 3538 Quod
781 3459 822 3523 de
861 3464 956 3523 tants
1000 3460 1141 3544 pecunia
1177 3480 1276 3539 quam
1317 3458 1504 3543 deposuisti,

456 3564 617 3641 dimisisti,
653 3571 687 3628 et
718 3563 888 3628 tradidisti
922 3562 1140 3628 custodienda
1171 3562 1312 3629 diversis
1351 3564 1502 3648 personis,

455 3668 525 3730 sine
549 3665 691 3742 licentia,
716 3664 861 3742 consilio,
886 3668 921 3728 et
951 3685 1087 3729 assensu
1111 3668 1224 3729 nostro
1247 3669 1282 3728 et
1304 3662 1502 3735 Conventus,

454 3769 543 3833 infra
564 3773 689 3833 certum
722 3772 860 3851 tempus,
879 3765 950 3849 jam
983 3765 1140 3853 elapsum,
1164 3766 1306 3830 solveres
1343 3765 1378 3831 C.
1404 3766 1443 3831 de
1464 3765 1499 3829 D.

455 3877 585 3935 tantam
619 3870 793 3955 pecuniam
827 3869 864 3931 in
897 3888 962 3952 qua
995 3874 1034 3931 tu
1056 3868 1120 3931 sibi
1147 3867 1314 3932 tenebaris
1337 3889 1398 3954 pro
1421 3866 1500 3932 Gon·

455 3980 569 4051 ventu,
600 3977 700 4059 prout
737 3970 919 4046 fatebaris⁴
935 3976 969 4034 et
1007 3970 1178 4035 residuum
1216 3969 1316 4035 dictsa
1357 3971 1497 4057 pecuuiae

454 4077 595 4142 solveres
625 4074 700 4139 aliis
724 4072 940 4137 creditoribus
968 4073 1044 4149 tuis
1068 4072 1131 4137 sub
1163 4092 1264 4158 poena
1282 4071 1498 4158 proprietariis

454 4177 658 4253 incurrendo,
698 4176 725 4238 si
770 4174 960 4259 hujusmodi
1005 4174 1245 4241 monitionibus
1281 4174 1404 4240 nostris
1441 4174 1495 4238 tibi

454 4282 550 4347 factis
574 4302 641 4345 non
664 4300 802 4365 pareres

499 4384 603 4449 Item:
628 4381 724 4462 Quod
748 4385 853 4446 totam
877 4380 1059 4465 pecuniam,
1082 4386 1117 4445 ot
1140 4384 1315 4456 monetam,
1338 4384 1373 4443 et
1394 4378 1495 4443 omnia

453 4487 519 4552 alia
555 4484 643 4549 bona
680 4505 754 4568 quae
785 4482 887 4547 habes
921 4482 957 4545 in
995 4502 1075 4547 auro
1110 4480 1165 4545 vel
1196 4485 1342 4567 argento,
1376 4500 1492 4545 necnon

454 4611 565 4654 omncs
598 4586 816 4672 obligationes
852 4588 886 4647 et
920 4582 1039 4659 tallias,
1062 4582 1185 4669 scripta
1207 4588 1242 4647 et
1273 4584 1491 4656 instrumenta

454 4691 554 4757 vadia
587 4696 621 4755 et
654 4690 801 4775 pignora,
826 4692 861 4751 ct
898 4686 965 4751 alia
995 4706 1199 4771 quaecunque
1230 4686 1432 4750 munimenta
1462 4690 1490 4749 et

452 4794 717 4876 contionesque
741 4797 775 4853 et
797 4811 879 4874 quas
901 4786 1010 4865 habos,
1034 4808 1054 4852 a
1077 4787 1324 4873 quibuscunque
1346 4786 1489 4873 personis,
