3309 5859
394 919 438 990 74
836 933 978 984 iussn.

391 1144 507 1207 graves
530 1144 683 1189 consume
713 1120 1040 1199 ecclesiasticum
1071 1119 1303 1206 multipliciter
1327 1118 1446 1183 moles-

396 1230 513 1290 terunt
526 1248 533 1304 ;
578 1231 613 1290 et
652 1225 795 1302 demum,
833 1225 876 1290 ed
914 1223 1121 1290 Soeccarium
1159 1222 1296 1288 Domini
1335 1221 1446 1306 Regis,

392 1327 558 1394 maliciose
592 1331 854 1415 procuraverunt
889 1326 977 1413 quod
999 1324 1215 1392 vicecomites
1239 1323 1445 1388 diversorum

392 1431 619 1507 comitatuum,
651 1431 687 1496 in
717 1429 839 1516 quibus
870 1429 957 1494 bone
986 1434 1100 1494 nostre
1130 1426 1324 1504 consistunt,
1358 1425 1447 1490 bone

392 1538 505 1598 nostra
527 1540 685 1619 ceperunt
708 1537 743 1598 ct
757 1531 981 1598 vendiderunt
1002 1550 1063 1616 pro
1086 1529 1276 1616 hujusmodi
1298 1527 1446 1593 subsidio

391 1635 490 1700 dictis
511 1635 739 1702 collectoribus
769 1655 836 1700 non
859 1632 976 1710 soluto,
999 1653 1068 1698 non
1098 1633 1252 1698 obstante
1282 1629 1447 1696 solutione

392 1737 542 1824 praedicti
574 1737 716 1802 subsidii
746 1737 837 1822 prius
871 1736 962 1802 socie
993 1733 1227 1800 commissario
1265 1738 1300 1797 ct
1330 1731 1447 1798 colleo-

393 1839 521 1906 toribus
542 1839 690 1925 ejusdem
705 1838 845 1904 subsidii
861 1859 994 1926 perros
1009 1835 1046 1902 in
1062 1835 1297 1903 Oentueriensi
1313 1834 1446 1900 dioecesi

392 1942 567 2028 deputetis.
613 1942 658 2006 Et
689 1941 772 2018 ideo,
793 1940 837 2005 cd
860 1938 1037 2004 vitandum
1060 1937 1249 2024 hujusmodi
1272 1935 1447 2022 dispendis

392 2051 427 2109 et
448 2067 559 2110 rerum
587 2044 742 2130 jacturas,
765 2043 884 2110 fratres
906 2041 1013 2108 nostri
1044 2041 1249 2108 concorditer
1272 2039 1446 2105 ordinave-

392 2154 471 2213 runt
486 2148 582 2235 quod,
606 2147 789 2213 subsidium
813 2147 960 2234 quinque
976 2145 1187 2212 denariorum
1210 2143 1251 2210 de
1267 2165 1387 2220 merca,
1401 2143 1446 2207 ad

392 2272 535 2336 prresens
557 2249 702 2315 Domino
717 2249 803 2335 Regi
826 2267 1016 2314 conoessum
1042 2252 1077 2312 et
1104 2246 1375 2333 qualitercunque
1399 2243 1446 2308 ei-

392 2353 467 2418 dem
482 2354 696 2440 imposterum
712 2351 966 2430 eoncedendum,
975 2349 1124 2416 solvatur
1138 2349 1179 2416 do
1194 2353 1312 2415 oaetero
1328 2349 1364 2412 in
1378 2347 1447 2411 sin·

391 2467 479 2552 gulis
502 2467 699 2532 dioecesibus
722 2465 952 2533 collectoribus
984 2465 1132 2551 ejusdem
1155 2462 1296 2528 subsidii
1322 2461 1360 2526 in
1382 2462 1447 2526 eis·

392 2571 468 2635 dcm
491 2569 688 2635 dioecesibus
712 2568 892 2654 deputetis,
916 2572 950 2633 et
978 2566 1076 2652 quod,
1100 2571 1174 2632 tote
1196 2565 1307 2651 portio
1329 2563 1446 2651 hujus-

392 2673 482 2737 modi
505 2672 645 2737 subsidii
668 2693 728 2737 nos
751 2671 945 2756 contingens
969 2669 1005 2734 in
1028 2668 1161 2734 dioecesi
1185 2673 1297 2732 vestm
1319 2666 1446 2732 Cautu-

393 2775 515 2841 sriensi
549 2780 585 2840 et
615 2774 763 2840 Roffensi
795 2771 1027 2839 Commissmio
1050 2777 1084 2836 et
1114 2770 1341 2837 collectoribus
1373 2790 1447 2833 ves-

393 2881 455 2944 tris
478 2879 625 2964 ejusdem
648 2877 788 2942 subsidii
811 2877 847 2940 in
869 2875 1003 2941 dioecesi
1023 2873 1253 2942 Guntucriensi
1277 2873 1449 2959 deputetis

394 2981 552 3046 solvetur.
599 2979 747 3045 Scieutes
768 2982 864 3064 peter
883 2976 971 3062 quod
993 2981 1098 3041 totam
1119 2977 1303 3063 portionem
1320 2976 1450 3040 insten-

393 3085 437 3149 tis
471 3081 610 3149 subsidii
634 3081 778 3146 Domino
802 3079 886 3166 Regi
910 3079 1054 3144 concessi
1086 3100 1160 3164 quae
1191 3099 1251 3144 nos
1275 3077 1448 3163 contingit,

393 3187 430 3251 in
464 3185 659 3252 dioecosibus
693 3181 910 3260 Norwiccnsi,
945 3180 1179 3261 Lincolniensi,
1201 3187 1236 3246 et
1259 3180 1448 3256 Exoniensi,

395 3290 554 3354 solvimus
577 3285 805 3353 collectoribus
829 3284 976 3370 ejusdem
1000 3283 1138 3349 subsidii
1162 3283 1197 3347 in
1220 3282 1341 3348 eisdem
1364 3282 1448 3347 dioe·

395 3392 522 3457 cesibus
545 3388 723 3477 deputetis.
772 3386 972 3453 Collectores
996 3408 1075 3451 vero
1099 3385 1179 3452 dieti
1203 3385 1342 3450 subsidii
1365 3385 1471 3473 diue-⁸

394 3495 522 3560 cesibus
577 3491 808 3569 Londoniensi,
859 3489 1104 3576 Wyntoniensi,
1158 3493 1193 3555 et
1241 3487 1448 3565 Cicestrensi

394 3598 580 3684 portionem
612 3600 760 3661 nostram
783 3594 820 3658 in
843 3593 905 3660 hec
928 3600 1031 3680 porte,
1055 3592 1176 3678 srepius
1206 3592 1270 3657 sibi
1293 3591 1450 3669 oblatam,

395 3699 555 3766 hactenus
591 3699 735 3786 recipere
768 3696 958 3774 noluerunt,
994 3717 1055 3762 nec
1085 3695 1187 3761 etism
1218 3695 1386 3782 recipient,
1409 3701 1450 3760 ut

396 3801 520 3881 dicunt,
543 3823 710 3888 quousque
733 3821 832 3886 super
854 3798 916 3866 boc
938 3798 1073 3885 aliquod
1102 3799 1285 3884 receperint
1310 3821 1331 3863 u
1354 3798 1449 3864 vobis

397 3905 602 3970 mandatum.
650 3903 825 3968 Proemissu
856 3923 935 3966 vero
968 3901 1079 3966 omnio
1112 3900 1317 3987 disponendo
1339 3907 1450 3966 vestro

398 4009 619 4094 relinquimus
648 4005 788 4072 arbitrio
817 4003 1062 4090 circumspecto.
1109 4001 1226 4069 Valeat
1257 4009 1370 4068 vestre
1391 4025 1448 4090 pe-

397 4113 537 4178 ternitus·
571 4109 752 4175 reverende
774 4108 810 4172 in
834 4106 976 4174 Christo.
1023 4105 1113 4172 Date
1136 4105 1363 4174 cantuarariae
1396 4106 1449 4171 ix⁰

397 4215 470 4282 Kal.
493 4212 649 4301 Augusti,
671 4233 759 4279 enno
781 4210 918 4277 Domini
941 4225 1122 4276 ucocxxm.

260 4430 991 4518 ltus-77-Qu1mncnnmur1smcm
1016 4443 1213 4496 nxncurom
1236 4445 1450 4496 rssmuuum

272 4507 335 4555 ¹³²²
337 4539 343 4552 '
550 4555 594 4603 nn
616 4552 817 4602 Hunnoruus
841 4533 1040 4598 Mronsums
1062 4547 1128 4596 nus
1151 4531 1293 4597 Wuunn

247 4639 276 4688 1.
290 4638 374 4690 mse.

443 4678 619 4743 Universis
651 4681 767 4764 puteat
796 4697 856 4760 per
886 4681 1053 4762 presentes
1084 4673 1181 4790 quod,
1204 4694 1264 4737 nos
1288 4671 1452 4736 Henricus

226 4771 368 4888 Alffiml
401 4781 615 4868 permissione
649 4781 766 4846 divine
796 4777 957 4844 Priort
924 4785 983 4844 eto
1017 4776 1212 4853 remisimus,
1252 4781 1287 4840 ot
1324 4775 1452 4840 relaxa

228 4905 351 4972 givenby
401 4885 519 4962 vimus,
544 4901 582 4950 uc
605 4884 757 4968 quletum
789 4881 1016 4960 clamavimus,
1039 4881 1187 4947 iohanni
1211 4885 1264 4944 ote
1288 4878 1453 4945 Chambre
