<?xml version="1.0" encoding="UTF-8"?>
<!DOCTYPE html PUBLIC "-//W3C//DTD XHTML 1.0 Transitional//EN"
    "http://www.w3.org/TR/xhtml1/DTD/xhtml1-transitional.dtd">
<html xmlns="http://www.w3.org/1999/xhtml" xml:lang="en" lang="en">
 <head>
  <title>
</title>
<meta http-equiv="Content-Type" content="text/html;charset=utf-8" />
  <meta name='ocr-system' content='tesseract 3.04.00' />
  <meta name='ocr-capabilities' content='ocr_page ocr_carea ocr_par ocr_line ocrx_word'/>
</head>
<body>
  <div class='ocr_page' id='page_1' title='image "./literaecantuari01shepgoog_0115.png"; bbox 0 0 3309 5859; ppageno 0'>
   <div class='ocr_carea' id='block_1_1' title="bbox 398 899 991 963">
    <p class='ocr_par' dir='ltr' id='par_1_1' title="bbox 398 899 991 963">
     <span class='ocr_line' id='line_1_1' title="bbox 398 899 991 963; baseline 0.007 -4"><span class='ocrx_word' id='word_1_1' title='bbox 398 899 438 959; x_wconf 71' lang='lat' dir='ltr'>lu</span> <span class='ocrx_word' id='word_1_2' title='bbox 858 914 991 963; x_wconf 78' lang='lat' dir='ltr'>urrann</span> 
     </span>
    </p>
   </div>
   <div class='ocr_carea' id='block_1_2' title="bbox 394 1103 1453 1397">
    <p class='ocr_par' dir='ltr' id='par_1_2' title="bbox 394 1103 1453 1397">
     <span class='ocr_line' id='line_1_2' title="bbox 394 1103 1453 1195; baseline 0.008 -28"><span class='ocrx_word' id='word_1_3' title='bbox 394 1123 494 1189; x_wconf 88' lang='lat' dir='ltr'>quam</span> <span class='ocrx_word' id='word_1_4' title='bbox 518 1103 554 1167; x_wconf 92' lang='lat' dir='ltr'>in</span> <span class='ocrx_word' id='word_1_5' title='bbox 576 1108 691 1180; x_wconf 85' lang='lat' dir='ltr'>morte,</span> <span class='ocrx_word' id='word_1_6' title='bbox 713 1104 924 1170; x_wconf 75' lang='lat' dir='ltr'><strong>concedimus</strong></span> <span class='ocrx_word' id='word_1_7' title='bbox 957 1126 1017 1191; x_wconf 89' lang='lat' dir='ltr'>per</span> <span class='ocrx_word' id='word_1_8' title='bbox 1037 1112 1225 1191; x_wconf 69' lang='lat' dir='ltr'>praesentes</span> <span class='ocrx_word' id='word_1_9' title='bbox 1285 1108 1327 1173; x_wconf 91' lang='lat' dir='ltr'>In</span> <span class='ocrx_word' id='word_1_10' title='bbox 1348 1110 1453 1195; x_wconf 85' lang='lat' dir='ltr'>cujus</span> 
     </span>
     <span class='ocr_line' id='line_1_3' title="bbox 394 1204 780 1283; baseline 0.005 -12"><span class='ocrx_word' id='word_1_11' title='bbox 394 1204 442 1271; x_wconf 88' lang='lat' dir='ltr'>rei</span> <span class='ocrx_word' id='word_1_12' title='bbox 465 1205 702 1283; x_wconf 87' lang='lat' dir='ltr'>testimonium,</span> <span class='ocrx_word' id='word_1_13' title='bbox 725 1206 780 1273; x_wconf 76' lang='lat' dir='ltr'>&amp;a</span> 
     </span>
     <span class='ocr_line' id='line_1_4' title="bbox 442 1306 1398 1397; baseline 0.008 -24"><span class='ocrx_word' id='word_1_14' title='bbox 442 1308 517 1374; x_wconf 88' lang='lat' dir='ltr'>Dat.</span> <span class='ocrx_word' id='word_1_15' title='bbox 543 1306 639 1373; x_wconf 82' lang='lat' dir='ltr'>Cant.</span> <span class='ocrx_word' id='word_1_16' title='bbox 661 1308 697 1373; x_wconf 89' lang='lat' dir='ltr'>in</span> <span class='ocrx_word' id='word_1_17' title='bbox 720 1308 817 1375; x_wconf 91' lang='lat' dir='ltr'>domo</span> <span class='ocrx_word' id='word_1_18' title='bbox 840 1325 955 1375; x_wconf 81' lang='lat' dir='ltr'>nostra</span> <span class='ocrx_word' id='word_1_19' title='bbox 975 1309 1153 1397; x_wconf 86' lang='lat' dir='ltr'>capitulari</span> <span class='ocrx_word' id='word_1_20' title='bbox 1177 1311 1231 1376; x_wconf 88' lang='lat' dir='ltr'>die</span> <span class='ocrx_word' id='word_1_21' title='bbox 1252 1312 1323 1391; x_wconf 84' lang='lat' dir='ltr'>tali,</span> <span class='ocrx_word' id='word_1_22' title='bbox 1338 1314 1398 1382; x_wconf 73' lang='lat' dir='ltr'>&amp;a</span> 
     </span>
    </p>
   </div>
   <div class='ocr_carea' id='block_1_3' title="bbox 552 1568 1279 1669">
    <p class='ocr_par' dir='ltr' id='par_1_3' title="bbox 552 1568 1279 1669">
     <span class='ocr_line' id='line_1_5' title="bbox 552 1568 1279 1669; baseline 0.003 -14"><span class='ocrx_word' id='word_1_23' title='bbox 552 1568 796 1669; x_wconf 58' lang='lat' dir='ltr'>lh-sslrsaus,</span> <span class='ocrx_word' id='word_1_24' title='bbox 821 1590 973 1657; x_wconf 74' lang='lat' dir='ltr'>bursas</span> <span class='ocrx_word' id='word_1_25' title='bbox 995 1591 1279 1657; x_wconf 79' lang='lat' dir='ltr'>Farraaurrsrrs.</span> 
     </span>
    </p>
   </div>
   <div class='ocr_carea' id='block_1_4' title="bbox 389 1760 1447 2051">
    <p class='ocr_par' dir='ltr' id='par_1_4' title="bbox 389 1760 1447 2051">
     <span class='ocr_line' id='line_1_6' title="bbox 436 1760 1447 1848; baseline 0.001 -22"><span class='ocrx_word' id='word_1_26' title='bbox 436 1761 597 1827; x_wconf 86' lang='lat' dir='ltr'><strong>Omnibus</strong></span> <span class='ocrx_word' id='word_1_27' title='bbox 621 1760 746 1828; x_wconf 78' lang='lat' dir='ltr'>Christi</span> <span class='ocrx_word' id='word_1_28' title='bbox 770 1760 923 1825; x_wconf 86' lang='lat' dir='ltr'>fidelibus</span> <span class='ocrx_word' id='word_1_29' title='bbox 945 1760 987 1826; x_wconf 89' lang='lat' dir='ltr'>ad</span> <span class='ocrx_word' id='word_1_30' title='bbox 1010 1782 1093 1847; x_wconf 89' lang='lat' dir='ltr'>quos</span> <span class='ocrx_word' id='word_1_31' title='bbox 1108 1765 1238 1841; x_wconf 56' lang='lat' dir='ltr'>‚nostrae</span> <span class='ocrx_word' id='word_1_32' title='bbox 1262 1769 1447 1848; x_wconf 75' lang='lat' dir='ltr'>presentes</span> 
     </span>
     <span class='ocr_line' id='line_1_7' title="bbox 389 1862 1445 1951; baseline 0 -24"><span class='ocrx_word' id='word_1_33' title='bbox 389 1863 511 1929; x_wconf 84' lang='lat' dir='ltr'>litterae</span> <span class='ocrx_word' id='word_1_34' title='bbox 543 1863 763 1951; x_wconf 78' lang='lat' dir='ltr'>pervenerint,</span> <span class='ocrx_word' id='word_1_35' title='bbox 787 1862 934 1927; x_wconf 78' lang='lat' dir='ltr'><strong>Thomas</strong></span> <span class='ocrx_word' id='word_1_36' title='bbox 965 1862 1181 1949; x_wconf 77' lang='lat' dir='ltr'>permissione</span> <span class='ocrx_word' id='word_1_37' title='bbox 1203 1863 1321 1927; x_wconf 87' lang='lat' dir='ltr'>divina</span> <span class='ocrx_word' id='word_1_38' title='bbox 1344 1862 1445 1928; x_wconf 87' lang='lat' dir='ltr'>Prior</span> 
     </span>
     <span class='ocr_line' id='line_1_8' title="bbox 391 1964 1445 2051; baseline -0.003 -18"><span class='ocrx_word' id='word_1_39' title='bbox 391 1966 543 2033; x_wconf 87' lang='lat' dir='ltr'>Ecclesiae</span> <span class='ocrx_word' id='word_1_40' title='bbox 566 1966 690 2033; x_wconf 85' lang='lat' dir='ltr'>Christi</span> <span class='ocrx_word' id='word_1_41' title='bbox 714 1964 963 2032; x_wconf 68' lang='lat' dir='ltr'>cantuariensis</span> <span class='ocrx_word' id='word_1_42' title='bbox 985 1972 1022 2029; x_wconf 85' lang='lat' dir='ltr'>et</span> <span class='ocrx_word' id='word_1_43' title='bbox 1043 1964 1189 2051; x_wconf 89' lang='lat' dir='ltr'>ejusdem</span> <span class='ocrx_word' id='word_1_44' title='bbox 1212 1964 1274 2030; x_wconf 90' lang='lat' dir='ltr'>loci</span> <span class='ocrx_word' id='word_1_45' title='bbox 1301 1964 1445 2051; x_wconf 80' lang='lat' dir='ltr'>Capitu-</span> 
     </span>
    </p>
   </div>
   <div class='ocr_carea' id='block_1_5' title="bbox 222 2066 1445 2255">
    <p class='ocr_par' dir='ltr' id='par_1_5' title="bbox 222 2066 1445 2255">
     <span class='ocr_line' id='line_1_9' title="bbox 222 2066 1445 2153; baseline 0.002 -21"><span class='ocrx_word' id='word_1_46' title='bbox 222 2078 252 2111; x_wconf 84' lang='lat'>⁰⁰</span> <span class='ocrx_word' id='word_1_47' title='bbox 321 2078 360 2111; x_wconf 77' lang='lat' dir='ltr'>er.</span> <span class='ocrx_word' id='word_1_48' title='bbox 390 2067 468 2147; x_wconf 88' lang='lat' dir='ltr'>lum,</span> <span class='ocrx_word' id='word_1_49' title='bbox 508 2070 649 2135; x_wconf 85' lang='lat' dir='ltr'>salutem</span> <span class='ocrx_word' id='word_1_50' title='bbox 701 2070 736 2133; x_wconf 93' lang='lat' dir='ltr'>in</span> <span class='ocrx_word' id='word_1_51' title='bbox 770 2067 913 2133; x_wconf 91' lang='lat' dir='ltr'>Domino</span> <span class='ocrx_word' id='word_1_52' title='bbox 951 2067 1194 2153; x_wconf 86' lang='lat' dir='ltr'>sempiternam.</span> <span class='ocrx_word' id='word_1_53' title='bbox 1249 2066 1335 2133; x_wconf 84' lang='lat' dir='ltr'>Oum</span> <span class='ocrx_word' id='word_1_54' title='bbox 1372 2090 1445 2134; x_wconf 91' lang='lat' dir='ltr'>non</span> 
     </span>
     <span class='ocr_line' id='line_1_10' title="bbox 277 2164 1444 2255; baseline 0 -20"><span class='ocrx_word' id='word_1_55' title='bbox 277 2164 283 2177; x_wconf 83' lang='lat'>&#39;</span> <span class='ocrx_word' id='word_1_56' title='bbox 388 2170 502 2237; x_wconf 84' lang='lat' dir='ltr'>deccat</span> <span class='ocrx_word' id='word_1_57' title='bbox 536 2170 722 2237; x_wconf 87' lang='lat' dir='ltr'>devotionis</span> <span class='ocrx_word' id='word_1_58' title='bbox 767 2168 938 2235; x_wconf 74' lang='lat' dir='ltr'>odoriferas</span> <span class='ocrx_word' id='word_1_59' title='bbox 971 2169 1106 2247; x_wconf 83' lang='lat' dir='ltr'>famam,</span> <span class='ocrx_word' id='word_1_60' title='bbox 1140 2190 1215 2255; x_wconf 81' lang='lat' dir='ltr'>quus</span> <span class='ocrx_word' id='word_1_61' title='bbox 1248 2170 1369 2236; x_wconf 78' lang='lat' dir='ltr'>cotidie</span> <span class='ocrx_word' id='word_1_62' title='bbox 1404 2171 1444 2235; x_wconf 88' lang='lat' dir='ltr'>in</span> 
     </span>
    </p>
   </div>
   <div class='ocr_carea' id='block_1_6' title="bbox 302 2270 1443 4919">
    <p class='ocr_par' dir='ltr' id='par_1_6' title="bbox 302 2270 1443 4919">
     <span class='ocr_line' id='line_1_11' title="bbox 387 2270 1443 2357; baseline -0.002 -18"><span class='ocrx_word' id='word_1_63' title='bbox 387 2274 538 2339; x_wconf 81' lang='lat' dir='ltr'>cordibus</span> <span class='ocrx_word' id='word_1_64' title='bbox 576 2272 746 2339; x_wconf 89' lang='lat' dir='ltr'>hominum</span> <span class='ocrx_word' id='word_1_65' title='bbox 780 2272 977 2337; x_wconf 82' lang='lat' dir='ltr'>devotorum</span> <span class='ocrx_word' id='word_1_66' title='bbox 1015 2270 1162 2357; x_wconf 88' lang='lat' dir='ltr'>pullulat</span> <span class='ocrx_word' id='word_1_67' title='bbox 1206 2276 1243 2337; x_wconf 90' lang='lat' dir='ltr'>et</span> <span class='ocrx_word' id='word_1_68' title='bbox 1282 2272 1443 2350; x_wconf 69' lang='lat' dir='ltr'>iloresmt,</span> 
     </span>
     <span class='ocr_line' id='line_1_12' title="bbox 385 2371 1443 2459; baseline 0 -20"><span class='ocrx_word' id='word_1_69' title='bbox 385 2375 579 2441; x_wconf 90' lang='lat' dir='ltr'>submodio</span> <span class='ocrx_word' id='word_1_70' title='bbox 602 2373 776 2453; x_wconf 82' lang='lat' dir='ltr'>occultari3</span> <span class='ocrx_word' id='word_1_71' title='bbox 799 2372 877 2439; x_wconf 91' lang='lat' dir='ltr'>hinc</span> <span class='ocrx_word' id='word_1_72' title='bbox 907 2377 960 2437; x_wconf 85' lang='lat' dir='ltr'>est</span> <span class='ocrx_word' id='word_1_73' title='bbox 992 2372 1081 2459; x_wconf 91' lang='lat' dir='ltr'>quod</span> <span class='ocrx_word' id='word_1_74' title='bbox 1104 2371 1140 2437; x_wconf 99' lang='grc' dir='ltr'>Τ.</span> <span class='ocrx_word' id='word_1_75' title='bbox 1163 2372 1198 2439; x_wconf 91' lang='grc' dir='ltr'>Τ.</span> <span class='ocrx_word' id='word_1_76' title='bbox 1221 2379 1257 2438; x_wconf 88' lang='lat' dir='ltr'>et</span> <span class='ocrx_word' id='word_1_77' title='bbox 1282 2372 1443 2439; x_wconf 84' lang='lat' dir='ltr'>Johanna</span> 
     </span>
     <span class='ocr_line' id='line_1_13' title="bbox 385 2475 1440 2564; baseline -0.004 -19"><span class='ocrx_word' id='word_1_78' title='bbox 385 2478 584 2545; x_wconf 71' lang='lat' dir='ltr'>conthoralis</span> <span class='ocrx_word' id='word_1_79' title='bbox 606 2477 676 2563; x_wconf 89' lang='lat' dir='ltr'>ejus</span> <span class='ocrx_word' id='word_1_80' title='bbox 699 2498 827 2543; x_wconf 91' lang='lat' dir='ltr'>morum</span> <span class='ocrx_word' id='word_1_81' title='bbox 844 2476 1015 2543; x_wconf 88' lang='lat' dir='ltr'>honestate</span> <span class='ocrx_word' id='word_1_82' title='bbox 1030 2475 1260 2564; x_wconf 81' lang='lat' dir='ltr'>multipliciter</span> <span class='ocrx_word' id='word_1_83' title='bbox 1275 2476 1440 2563; x_wconf 82' lang='lat' dir='ltr'>insigniti,</span> 
     </span>
     <span class='ocr_line' id='line_1_14' title="bbox 384 2578 1442 2665; baseline -0.002 -17"><span class='ocrx_word' id='word_1_84' title='bbox 384 2602 423 2647; x_wconf 89' lang='lat' dir='ltr'>ac</span> <span class='ocrx_word' id='word_1_85' title='bbox 455 2582 661 2647; x_wconf 71' lang='lat' dir='ltr'>aemdsmres</span> <span class='ocrx_word' id='word_1_86' title='bbox 695 2579 803 2645; x_wconf 87' lang='lat' dir='ltr'>effecti</span> <span class='ocrx_word' id='word_1_87' title='bbox 841 2578 1054 2644; x_wconf 73' lang='lat' dir='ltr'>carismatum</span> <span class='ocrx_word' id='word_1_88' title='bbox 1087 2578 1269 2656; x_wconf 82' lang='lat' dir='ltr'>meliorum,</span> <span class='ocrx_word' id='word_1_89' title='bbox 1310 2579 1365 2665; x_wconf 92' lang='lat' dir='ltr'>pie</span> <span class='ocrx_word' id='word_1_90' title='bbox 1401 2586 1442 2647; x_wconf 84' lang='lat' dir='ltr'>et</span> 
     </span>
     <span class='ocr_line' id='line_1_15' title="bbox 384 2679 1438 2768; baseline -0.001 -20"><span class='ocrx_word' id='word_1_91' title='bbox 384 2683 503 2749; x_wconf 87' lang='lat' dir='ltr'>devote</span> <span class='ocrx_word' id='word_1_92' title='bbox 526 2682 779 2757; x_wconf 87' lang='lat' dir='ltr'>considerantes,</span> <span class='ocrx_word' id='word_1_93' title='bbox 802 2680 892 2767; x_wconf 88' lang='lat' dir='ltr'>apud</span> <span class='ocrx_word' id='word_1_94' title='bbox 917 2679 1027 2746; x_wconf 89' lang='lat' dir='ltr'>Deum</span> <span class='ocrx_word' id='word_1_95' title='bbox 1049 2680 1236 2768; x_wconf 81' lang='lat' dir='ltr'>acceptiora</span> <span class='ocrx_word' id='word_1_96' title='bbox 1265 2681 1338 2746; x_wconf 87' lang='lat' dir='ltr'>iore</span> <span class='ocrx_word' id='word_1_97' title='bbox 1368 2682 1438 2747; x_wconf 85' lang='lat' dir='ltr'>suf·</span> 
     </span>
     <span class='ocr_line' id='line_1_16' title="bbox 383 2782 1440 2872; baseline 0.001 -23"><span class='ocrx_word' id='word_1_98' title='bbox 383 2786 488 2872; x_wconf 85' lang='lat' dir='ltr'>fragia</span> <span class='ocrx_word' id='word_1_99' title='bbox 510 2786 702 2851; x_wconf 87' lang='lat' dir='ltr'>meritorum</span> <span class='ocrx_word' id='word_1_100' title='bbox 725 2805 809 2870; x_wconf 87' lang='lat' dir='ltr'>quae</span> <span class='ocrx_word' id='word_1_101' title='bbox 842 2806 863 2848; x_wconf 91' lang='lat' dir='ltr'>a</span> <span class='ocrx_word' id='word_1_102' title='bbox 894 2782 1046 2869; x_wconf 88' lang='lat' dir='ltr'>pluribus</span> <span class='ocrx_word' id='word_1_103' title='bbox 1078 2783 1198 2849; x_wconf 85' lang='lat' dir='ltr'>devote</span> <span class='ocrx_word' id='word_1_104' title='bbox 1232 2784 1440 2851; x_wconf 84' lang='lat' dir='ltr'>unanimiter</span> 
     </span>
     <span class='ocr_line' id='line_1_17' title="bbox 382 2883 1436 2975; baseline 0 -22"><span class='ocrx_word' id='word_1_105' title='bbox 382 2888 654 2975; x_wconf 82' lang='lat' dir='ltr'>supplicantibus,</span> <span class='ocrx_word' id='word_1_106' title='bbox 686 2888 835 2955; x_wconf 82' lang='lat' dir='ltr'>fraterna</span> <span class='ocrx_word' id='word_1_107' title='bbox 872 2886 908 2950; x_wconf 94' lang='lat' dir='ltr'>in</span> <span class='ocrx_word' id='word_1_108' title='bbox 946 2883 1076 2972; x_wconf 87' lang='lat' dir='ltr'>Spiritu</span> <span class='ocrx_word' id='word_1_109' title='bbox 1115 2886 1238 2953; x_wconf 86' lang='lat' dir='ltr'>Sancto</span> <span class='ocrx_word' id='word_1_110' title='bbox 1283 2887 1436 2965; x_wconf 87' lang='lat' dir='ltr'>caritate,</span> 
     </span>
     <span class='ocr_line' id='line_1_18' title="bbox 302 2988 1439 3073; baseline -0.002 -16"><span class='ocrx_word' id='word_1_111' title='bbox 302 3016 305 3025; x_wconf 66' lang='grc'><em>’</em></span> <span class='ocrx_word' id='word_1_112' title='bbox 382 2990 576 3057; x_wconf 79' lang='lat' dir='ltr'>ferventiori</span> <span class='ocrx_word' id='word_1_113' title='bbox 622 2989 779 3057; x_wconf 89' lang='lat' dir='ltr'>exercitio</span> <span class='ocrx_word' id='word_1_114' title='bbox 829 2988 1092 3073; x_wconf 82' lang='lat' dir='ltr'>frequentantur,</span> <span class='ocrx_word' id='word_1_115' title='bbox 1131 2988 1227 3054; x_wconf 88' lang='lat' dir='ltr'>nobis</span> <span class='ocrx_word' id='word_1_116' title='bbox 1263 2988 1439 3055; x_wconf 87' lang='lat' dir='ltr'>humiliter</span> 
     </span>
     <span class='ocr_line' id='line_1_19' title="bbox 382 3090 1434 3181; baseline -0.002 -22"><span class='ocrx_word' id='word_1_117' title='bbox 382 3094 621 3181; x_wconf 81' lang='lat' dir='ltr'>supplicarunt,</span> <span class='ocrx_word' id='word_1_118' title='bbox 637 3145 640 3151; x_wconf 93' lang='lat'>.</span> <span class='ocrx_word' id='word_1_119' title='bbox 654 3092 822 3179; x_wconf 86' lang='lat' dir='ltr'>quatinus,</span> <span class='ocrx_word' id='word_1_120' title='bbox 859 3096 996 3177; x_wconf 89' lang='lat' dir='ltr'>propter</span> <span class='ocrx_word' id='word_1_121' title='bbox 1018 3090 1136 3166; x_wconf 90' lang='lat' dir='ltr'>Deum,</span> <span class='ocrx_word' id='word_1_122' title='bbox 1160 3098 1196 3157; x_wconf 87' lang='lat' dir='ltr'>ct</span> <span class='ocrx_word' id='word_1_123' title='bbox 1227 3091 1434 3179; x_wconf 78' lang='lat' dir='ltr'>singularem</span> 
     </span>
     <span class='ocr_line' id='line_1_20' title="bbox 381 3192 1437 3281; baseline -0.003 -19"><span class='ocrx_word' id='word_1_124' title='bbox 381 3197 567 3262; x_wconf 86' lang='lat' dir='ltr'>devotionis</span> <span class='ocrx_word' id='word_1_125' title='bbox 603 3196 757 3261; x_wconf 83' lang='lat' dir='ltr'>affectum</span> <span class='ocrx_word' id='word_1_126' title='bbox 781 3215 878 3279; x_wconf 87' lang='lat' dir='ltr'>quem</span> <span class='ocrx_word' id='word_1_127' title='bbox 902 3192 944 3258; x_wconf 89' lang='lat' dir='ltr'>ad</span> <span class='ocrx_word' id='word_1_128' title='bbox 968 3193 1179 3279; x_wconf 89' lang='lat' dir='ltr'>perinclitum</span> <span class='ocrx_word' id='word_1_129' title='bbox 1194 3198 1230 3259; x_wconf 92' lang='lat' dir='ltr'>et</span> <span class='ocrx_word' id='word_1_130' title='bbox 1251 3192 1437 3281; x_wconf 87' lang='lat' dir='ltr'>pretiosum</span> 
     </span>
     <span class='ocr_line' id='line_1_21' title="bbox 382 3295 1431 3382; baseline -0.003 -17"><span class='ocrx_word' id='word_1_131' title='bbox 382 3300 552 3365; x_wconf 87' lang='lat' dir='ltr'>Martirem</span> <span class='ocrx_word' id='word_1_132' title='bbox 586 3299 744 3365; x_wconf 88' lang='lat' dir='ltr'>Sanctum</span> <span class='ocrx_word' id='word_1_133' title='bbox 776 3295 936 3361; x_wconf 84' lang='lat' dir='ltr'>Thomaur</span> <span class='ocrx_word' id='word_1_134' title='bbox 978 3295 1140 3382; x_wconf 85' lang='lat' dir='ltr'>optinent,</span> <span class='ocrx_word' id='word_1_135' title='bbox 1179 3295 1267 3382; x_wconf 86' lang='lat' dir='ltr'>ipsos</span> <span class='ocrx_word' id='word_1_136' title='bbox 1304 3296 1431 3362; x_wconf 88' lang='lat' dir='ltr'>nostris</span> 
     </span>
     <span class='ocr_line' id='line_1_22' title="bbox 384 3396 1435 3489; baseline -0.006 -20"><span class='ocrx_word' id='word_1_137' title='bbox 384 3404 533 3489; x_wconf 87' lang='lat' dir='ltr'>precibus</span> <span class='ocrx_word' id='word_1_138' title='bbox 555 3410 591 3467; x_wconf 88' lang='lat' dir='ltr'>et</span> <span class='ocrx_word' id='word_1_139' title='bbox 612 3400 816 3467; x_wconf 87' lang='lat' dir='ltr'>orationibus</span> <span class='ocrx_word' id='word_1_140' title='bbox 838 3396 1018 3484; x_wconf 88' lang='lat' dir='ltr'>ceterisque</span> <span class='ocrx_word' id='word_1_141' title='bbox 1051 3398 1116 3483; x_wconf 88' lang='lat' dir='ltr'>piis</span> <span class='ocrx_word' id='word_1_142' title='bbox 1149 3397 1303 3483; x_wconf 85' lang='lat' dir='ltr'>operibus</span> <span class='ocrx_word' id='word_1_143' title='bbox 1334 3400 1435 3468; x_wconf 87' lang='lat' dir='ltr'>meri-</span> 
     </span>
     <span class='ocr_line' id='line_1_23' title="bbox 381 3499 1433 3591; baseline -0.001 -21"><span class='ocrx_word' id='word_1_144' title='bbox 381 3512 499 3583; x_wconf 90' lang='lat' dir='ltr'>torum,</span> <span class='ocrx_word' id='word_1_145' title='bbox 533 3526 607 3591; x_wconf 86' lang='lat' dir='ltr'>quae</span> <span class='ocrx_word' id='word_1_146' title='bbox 644 3504 681 3567; x_wconf 91' lang='lat' dir='ltr'>in</span> <span class='ocrx_word' id='word_1_147' title='bbox 717 3507 831 3568; x_wconf 89' lang='lat' dir='ltr'>nostra</span> <span class='ocrx_word' id='word_1_148' title='bbox 861 3504 976 3565; x_wconf 89' lang='lat' dir='ltr'>sancta</span> <span class='ocrx_word' id='word_1_149' title='bbox 1007 3499 1240 3567; x_wconf 71' lang='lat' dir='ltr'>cantuariensi</span> <span class='ocrx_word' id='word_1_150' title='bbox 1284 3501 1433 3569; x_wconf 79' lang='lat' dir='ltr'>Ecclesia</span> 
     </span>
     <span class='ocr_line' id='line_1_24' title="bbox 378 3602 1429 3689; baseline -0.005 -15"><span class='ocrx_word' id='word_1_151' title='bbox 378 3607 497 3674; x_wconf 88' lang='lat' dir='ltr'>cotidie</span> <span class='ocrx_word' id='word_1_152' title='bbox 536 3612 737 3683; x_wconf 84' lang='lat' dir='ltr'>exercentur,</span> <span class='ocrx_word' id='word_1_153' title='bbox 767 3602 1008 3669; x_wconf 88' lang='lat' dir='ltr'>communicato</span> <span class='ocrx_word' id='word_1_154' title='bbox 1054 3602 1212 3689; x_wconf 80' lang='lat' dir='ltr'>suffragio</span> <span class='ocrx_word' id='word_1_155' title='bbox 1250 3604 1429 3669; x_wconf 85' lang='lat' dir='ltr'>uuiremus</span> 
     </span>
     <span class='ocr_line' id='line_1_25' title="bbox 378 3704 1430 3791; baseline -0.003 -16"><span class='ocrx_word' id='word_1_156' title='bbox 378 3712 449 3776; x_wconf 92' lang='lat' dir='ltr'>Nos</span> <span class='ocrx_word' id='word_1_157' title='bbox 471 3732 582 3777; x_wconf 90' lang='lat' dir='ltr'>eorum</span> <span class='ocrx_word' id='word_1_158' title='bbox 607 3707 784 3782; x_wconf 85' lang='lat' dir='ltr'>devotioni,</span> <span class='ocrx_word' id='word_1_159' title='bbox 800 3711 963 3791; x_wconf 91' lang='lat' dir='ltr'>quantum</span> <span class='ocrx_word' id='word_1_160' title='bbox 987 3704 1024 3769; x_wconf 85' lang='lat' dir='ltr'>in</span> <span class='ocrx_word' id='word_1_161' title='bbox 1046 3704 1143 3770; x_wconf 91' lang='lat' dir='ltr'>nobis</span> <span class='ocrx_word' id='word_1_162' title='bbox 1165 3710 1225 3781; x_wconf 84' lang='lat' dir='ltr'>est,</span> <span class='ocrx_word' id='word_1_163' title='bbox 1241 3705 1430 3773; x_wconf 84' lang='lat' dir='ltr'>satisfacere</span> 
     </span>
     <span class='ocr_line' id='line_1_26' title="bbox 377 3806 1429 3899; baseline -0.007 -18"><span class='ocrx_word' id='word_1_164' title='bbox 377 3814 555 3899; x_wconf 87' lang='lat' dir='ltr'>cupientes,</span> <span class='ocrx_word' id='word_1_165' title='bbox 579 3812 705 3885; x_wconf 89' lang='lat' dir='ltr'>merito,</span> <span class='ocrx_word' id='word_1_166' title='bbox 733 3812 772 3873; x_wconf 90' lang='lat' dir='ltr'>ut</span> <span class='ocrx_word' id='word_1_167' title='bbox 794 3813 954 3887; x_wconf 86' lang='lat' dir='ltr'>tenemur,</span> <span class='ocrx_word' id='word_1_168' title='bbox 979 3807 1015 3871; x_wconf 93' lang='lat' dir='ltr'>in</span> <span class='ocrx_word' id='word_1_169' title='bbox 1038 3806 1166 3873; x_wconf 85' lang='lat' dir='ltr'>Christi</span> <span class='ocrx_word' id='word_1_170' title='bbox 1199 3806 1318 3894; x_wconf 78' lang='lat' dir='ltr'>gratia,</span> <span class='ocrx_word' id='word_1_171' title='bbox 1340 3808 1429 3894; x_wconf 86' lang='lat' dir='ltr'>ejus·</span> 
     </span>
     <span class='ocr_line' id='line_1_27' title="bbox 377 3907 1425 4003; baseline -0.006 -22"><span class='ocrx_word' id='word_1_172' title='bbox 377 3938 439 4003; x_wconf 87' lang='lat' dir='ltr'>que</span> <span class='ocrx_word' id='word_1_173' title='bbox 488 3912 716 3981; x_wconf 86' lang='lat' dir='ltr'>sacratissimae</span> <span class='ocrx_word' id='word_1_174' title='bbox 749 3910 866 3975; x_wconf 89' lang='lat' dir='ltr'>matris</span> <span class='ocrx_word' id='word_1_175' title='bbox 898 3914 934 3973; x_wconf 86' lang='lat' dir='ltr'>et</span> <span class='ocrx_word' id='word_1_176' title='bbox 972 3908 1112 3994; x_wconf 84' lang='lat' dir='ltr'>virginis</span> <span class='ocrx_word' id='word_1_177' title='bbox 1150 3908 1275 3986; x_wconf 84' lang='lat' dir='ltr'>Mariae,</span> <span class='ocrx_word' id='word_1_178' title='bbox 1308 3907 1425 3975; x_wconf 87' lang='lat' dir='ltr'>Sancti</span> 
     </span>
     <span class='ocr_line' id='line_1_28' title="bbox 375 4012 1427 4099; baseline -0.005 -15"><span class='ocrx_word' id='word_1_179' title='bbox 375 4018 508 4084; x_wconf 68' lang='lat' dir='ltr'>Thomas</span> <span class='ocrx_word' id='word_1_180' title='bbox 540 4016 685 4081; x_wconf 86' lang='lat' dir='ltr'>Martiris</span> <span class='ocrx_word' id='word_1_181' title='bbox 731 4012 873 4099; x_wconf 81' lang='lat' dir='ltr'>gloriosi,</span> <span class='ocrx_word' id='word_1_182' title='bbox 910 4016 1158 4096; x_wconf 87' lang='lat' dir='ltr'>ceterorumque</span> <span class='ocrx_word' id='word_1_183' title='bbox 1210 4019 1427 4079; x_wconf 75' lang='lat' dir='ltr'>sacrosanctas</span> 
     </span>
     <span class='ocr_line' id='line_1_29' title="bbox 374 4112 1427 4199; baseline -0.009 -12"><span class='ocrx_word' id='word_1_184' title='bbox 374 4118 620 4188; x_wconf 70' lang='lat' dir='ltr'>cantuariensis</span> <span class='ocrx_word' id='word_1_185' title='bbox 644 4115 796 4181; x_wconf 73' lang='lat' dir='ltr'>Ecclesiae</span> <span class='ocrx_word' id='word_1_186' title='bbox 819 4118 1031 4199; x_wconf 86' lang='lat' dir='ltr'>patronorum</span> <span class='ocrx_word' id='word_1_187' title='bbox 1055 4112 1221 4198; x_wconf 83' lang='lat' dir='ltr'>suffragiis</span> <span class='ocrx_word' id='word_1_188' title='bbox 1254 4112 1427 4180; x_wconf 82' lang='lat' dir='ltr'>humiliter</span> 
     </span>
     <span class='ocr_line' id='line_1_30' title="bbox 373 4214 1426 4300; baseline -0.008 -10"><span class='ocrx_word' id='word_1_189' title='bbox 373 4224 582 4300; x_wconf 86' lang='lat' dir='ltr'>confidentes,</span> <span class='ocrx_word' id='word_1_190' title='bbox 621 4241 687 4297; x_wconf 89' lang='lat' dir='ltr'>vos,</span> <span class='ocrx_word' id='word_1_191' title='bbox 719 4215 941 4281; x_wconf 86' lang='lat' dir='ltr'>venerabilem</span> <span class='ocrx_word' id='word_1_192' title='bbox 976 4215 1011 4278; x_wconf 87' lang='grc' dir='ltr'>Τ.</span> <span class='ocrx_word' id='word_1_193' title='bbox 1051 4214 1096 4291; x_wconf 76' lang='lat' dir='ltr'>T,</span> <span class='ocrx_word' id='word_1_194' title='bbox 1134 4234 1277 4281; x_wconf 87' lang='lat' dir='ltr'>unacum</span> <span class='ocrx_word' id='word_1_195' title='bbox 1309 4215 1426 4282; x_wconf 89' lang='lat' dir='ltr'>inclita</span> 
     </span>
     <span class='ocr_line' id='line_1_31' title="bbox 371 4316 1424 4403; baseline -0.008 -11"><span class='ocrx_word' id='word_1_196' title='bbox 371 4327 528 4393; x_wconf 86' lang='lat' dir='ltr'>Johanna</span> <span class='ocrx_word' id='word_1_197' title='bbox 572 4318 761 4389; x_wconf 87' lang='lat' dir='ltr'>conthorale</span> <span class='ocrx_word' id='word_1_198' title='bbox 814 4322 934 4392; x_wconf 87' lang='lat' dir='ltr'>vestra,</span> <span class='ocrx_word' id='word_1_199' title='bbox 972 4316 1015 4381; x_wconf 88' lang='lat' dir='ltr'>ad</span> <span class='ocrx_word' id='word_1_200' title='bbox 1059 4321 1259 4403; x_wconf 88' lang='lat' dir='ltr'>perpetuum</span> <span class='ocrx_word' id='word_1_201' title='bbox 1302 4324 1424 4385; x_wconf 74' lang='lat' dir='ltr'>nostra</span> 
     </span>
     <span class='ocr_line' id='line_1_32' title="bbox 372 4418 1424 4503; baseline -0.009 -8"><span class='ocrx_word' id='word_1_202' title='bbox 372 4428 589 4495; x_wconf 83' lang='lat' dir='ltr'>fraternitatis</span> <span class='ocrx_word' id='word_1_203' title='bbox 620 4423 831 4497; x_wconf 86' lang='lat' dir='ltr'>consortium,</span> <span class='ocrx_word' id='word_1_204' title='bbox 854 4421 890 4484; x_wconf 93' lang='lat' dir='ltr'>in</span> <span class='ocrx_word' id='word_1_205' title='bbox 922 4419 1057 4485; x_wconf 86' lang='lat' dir='ltr'>sinceris</span> <span class='ocrx_word' id='word_1_206' title='bbox 1086 4418 1211 4484; x_wconf 82' lang='lat' dir='ltr'>Christi</span> <span class='ocrx_word' id='word_1_207' title='bbox 1235 4419 1424 4503; x_wconf 78' lang='lat' dir='ltr'>visceribus,</span> 
     </span>
     <span class='ocr_line' id='line_1_33' title="bbox 371 4521 1425 4609; baseline -0.007 -12"><span class='ocrx_word' id='word_1_208' title='bbox 371 4532 588 4606; x_wconf 83' lang='lat' dir='ltr'>admittimus,</span> <span class='ocrx_word' id='word_1_209' title='bbox 620 4537 655 4594; x_wconf 90' lang='lat' dir='ltr'>et</span> <span class='ocrx_word' id='word_1_210' title='bbox 689 4526 842 4591; x_wconf 88' lang='lat' dir='ltr'>devotius</span> <span class='ocrx_word' id='word_1_211' title='bbox 871 4521 1108 4609; x_wconf 83' lang='lat' dir='ltr'>amplexamur,</span> <span class='ocrx_word' id='word_1_212' title='bbox 1148 4544 1187 4585; x_wconf 90' lang='lat' dir='ltr'>ac</span> <span class='ocrx_word' id='word_1_213' title='bbox 1216 4522 1365 4587; x_wconf 91' lang='lat' dir='ltr'>omnium</span> <span class='ocrx_word' id='word_1_214' title='bbox 1388 4530 1425 4590; x_wconf 86' lang='lat' dir='ltr'>et</span> 
     </span>
     <span class='ocr_line' id='line_1_34' title="bbox 372 4623 1421 4719; baseline -0.007 -21"><span class='ocrx_word' id='word_1_215' title='bbox 372 4633 577 4719; x_wconf 84' lang='lat' dir='ltr'>singulorum</span> <span class='ocrx_word' id='word_1_216' title='bbox 601 4630 735 4714; x_wconf 89' lang='lat' dir='ltr'>pietatis</span> <span class='ocrx_word' id='word_1_217' title='bbox 770 4647 914 4713; x_wconf 86' lang='lat' dir='ltr'>operum,</span> <span class='ocrx_word' id='word_1_218' title='bbox 942 4646 1016 4709; x_wconf 76' lang='lat' dir='ltr'>quae</span> <span class='ocrx_word' id='word_1_219' title='bbox 1038 4624 1210 4689; x_wconf 87' lang='lat' dir='ltr'>nobiscum</span> <span class='ocrx_word' id='word_1_220' title='bbox 1233 4624 1269 4687; x_wconf 93' lang='lat' dir='ltr'>in</span> <span class='ocrx_word' id='word_1_221' title='bbox 1291 4623 1421 4691; x_wconf 88' lang='lat' dir='ltr'>Sancta</span> 
     </span>
     <span class='ocr_line' id='line_1_35' title="bbox 371 4726 1420 4813; baseline -0.01 -10"><span class='ocrx_word' id='word_1_222' title='bbox 371 4733 602 4803; x_wconf 84' lang='lat' dir='ltr'>Oantuariensi</span> <span class='ocrx_word' id='word_1_223' title='bbox 638 4730 784 4797; x_wconf 85' lang='lat' dir='ltr'>Ecclesia</span> <span class='ocrx_word' id='word_1_224' title='bbox 815 4728 904 4793; x_wconf 90' lang='lat' dir='ltr'>fiunt</span> <span class='ocrx_word' id='word_1_225' title='bbox 941 4732 1002 4791; x_wconf 89' lang='lat' dir='ltr'>aut</span> <span class='ocrx_word' id='word_1_226' title='bbox 1050 4726 1132 4792; x_wconf 85' lang='lat' dir='ltr'>fient</span> <span class='ocrx_word' id='word_1_227' title='bbox 1163 4726 1420 4813; x_wconf 87' lang='lat' dir='ltr'>imperpetuum,</span> 
     </span>
     <span class='ocr_line' id='line_1_36' title="bbox 369 4828 1422 4919; baseline -0.01 -12"><span class='ocrx_word' id='word_1_228' title='bbox 369 4847 438 4907; x_wconf 87' lang='lat' dir='ltr'>tam</span> <span class='ocrx_word' id='word_1_229' title='bbox 462 4836 498 4900; x_wconf 93' lang='lat' dir='ltr'>in</span> <span class='ocrx_word' id='word_1_230' title='bbox 521 4834 592 4899; x_wconf 91' lang='lat' dir='ltr'>vita</span> <span class='ocrx_word' id='word_1_231' title='bbox 614 4854 712 4919; x_wconf 89' lang='lat' dir='ltr'>quam</span> <span class='ocrx_word' id='word_1_232' title='bbox 736 4832 771 4897; x_wconf 90' lang='lat' dir='ltr'>in</span> <span class='ocrx_word' id='word_1_233' title='bbox 795 4836 910 4907; x_wconf 89' lang='lat' dir='ltr'>morte,</span> <span class='ocrx_word' id='word_1_234' title='bbox 934 4851 993 4895; x_wconf 82' lang='lat' dir='ltr'>ros</span> <span class='ocrx_word' id='word_1_235' title='bbox 1024 4828 1201 4917; x_wconf 80' lang='lat' dir='ltr'>participas</span> <span class='ocrx_word' id='word_1_236' title='bbox 1232 4850 1302 4895; x_wconf 85' lang='lat' dir='ltr'>esse</span> <span class='ocrx_word' id='word_1_237' title='bbox 1325 4830 1422 4896; x_wconf 86' lang='lat' dir='ltr'>volu-</span> 
     </span>
    </p>
   </div>
   <div class='ocr_carea' id='block_1_7' title="bbox 0 0 1660 5859">
    <p class='ocr_par' dir='ltr' id='par_1_7' title="bbox 0 0 1660 5859">
     <span class='ocr_line' id='line_1_37' title="bbox 0 0 1660 5859; baseline 0 10"><span class='ocrx_word' id='word_1_238' title='bbox 0 0 1660 5859; x_wconf 95' lang='lat' dir='ltr'> </span> 
     </span>
    </p>
   </div>
  </div>
 </body>
</html>
