3309 5859
592 905 885 958 cianusarassas.
1200 890 1264 955 169

204 1090 253 1160 oi
276 1090 347 1157 Our
382 1091 477 1180 Lady
512 1093 580 1159 and
612 1093 650 1159 oi
678 1094 725 1159 St
751 1092 903 1170 Thomas,
934 1112 1013 1157 near
1050 1110 1112 1156 our
1142 1092 1264 1175 (court)

214 1198 290 1279 gata
305 1198 342 1259 at
367 1193 584 1282 Canterbury.
631 1194 705 1262 (lod
732 1194 773 1261 be
797 1194 883 1261 with
907 1215 984 1281 you,
1000 1192 1082 1272 Sire,
1098 1193 1165 1259 and
1188 1213 1266 1276 may

214 1293 268 1361 He
282 1295 358 1381 give
373 1318 441 1381 you
454 1318 476 1363 a
488 1298 575 1385 good
591 1298 658 1364 and
672 1297 751 1385 long
766 1296 823 1361 lile
839 1295 905 1361 and
917 1296 979 1383 joy
993 1295 1126 1360 eternal.
1159 1294 1267 1359 Given

212 1394 249 1459 in
264 1417 325 1461 oar
340 1396 486 1483 Chapter
508 1398 622 1464 House
649 1397 706 1464 the
725 1398 806 1465 llth
823 1398 886 1484 day
904 1396 943 1463 of
963 1395 1143 1481 February,
1157 1396 1194 1459 in
1209 1392 1266 1460 the

214 1519 295 1583 year
310 1498 348 1563 of
358 1521 455 1585 grace
475 1502 569 1566 1325.
682 1528 685 1535 ¹

216 1800 411 1867 vacantibus
434 1802 470 1867 in
492 1824 553 1867 sua
576 1802 708 1869 dioecesi
731 1803 772 1868 de
806 1803 913 1889 primo
935 1823 1033 1868 anno.
1079 1800 1151 1866 Nec
1180 1821 1267 1867 rece·

216 1902 304 1967 datis
320 1902 360 1968 de
383 1904 533 1989 partibus
548 1904 615 1969 illis
631 1926 800 1991 quousque
816 1904 1053 1992 possessionem
1068 1902 1267 1989 corporalem

215 2004 397 2071 habueritis
420 2007 562 2073 ecclesiae
585 2008 789 2093 supradictae.
838 2008 882 2071 Et
904 2006 941 2071 in
963 2027 1089 2072 recessu
1110 2005 1151 2071 de
1166 2005 1269 2091 parti·

216 2106 278 2171 bus
301 2106 368 2172 illis
390 2108 604 2175 substituatis
627 2109 759 2186 ibidem,
775 2108 902 2174 virtute
917 2107 1133 2194 procuratorii
1156 2107 1267 2183 vestii,

216 2229 320 2273 unum
343 2216 585 2295 procuratorem
609 2209 774 2287 clericum,
796 2210 839 2274 ad
870 2209 1122 2275 custodiendum
1145 2209 1268 2275 dictam

217 2308 384 2374 ecclemam
415 2333 490 2377 cum
524 2310 677 2376 omnibus
709 2310 919 2397 pertinentiis
953 2312 1031 2392 suis,
1054 2312 1112 2396 qui
1144 2333 1268 2377 moram

217 2412 409 2479 continuam
431 2413 532 2479 faciat
563 2412 752 2500 sumptibus
784 2413 907 2478 nostris
929 2413 965 2477 in
989 2414 1103 2479 eadem
1125 2414 1269 2491 ccclesia,
1354 2448 1356 2453 s

218 2520 253 2579 et
285 2514 325 2580 de
363 2516 580 2603 proventibus
618 2516 766 2601 ejusdem
804 2515 947 2582 ecclesiae
980 2516 1089 2582 medio
1122 2522 1269 2603 tompore

219 2617 315 2683 nobis
332 2615 556 2711 respondeat,v
575 2640 743 2706 quousque
765 2615 857 2683 aliud
891 2620 1150 2685 ordinaverimus
1172 2641 1270 2706 super

219 2720 402 2804 praemissis.
463 2720 508 2786 Et
541 2720 745 2807 provideatis
769 2721 810 2786 de
833 2722 946 2807 aliqua
968 2721 1100 2807 ydoneo
1121 2744 1268 2808 persona,

220 2820 315 2886 vobis
348 2826 440 2899 nota,
464 2821 507 2888 ad
544 2822 702 2889 vicariam
741 2823 840 2889 dictae
873 2823 1016 2890 ecclesias
1053 2824 1269 2909 Norvvycensi

220 2921 381 3011 Episcopo
415 2926 645 3010 praesentanda
676 2924 741 2990 ista
764 2925 855 3005 vioe;
888 2930 923 2991 et
945 2926 987 2991 de
1009 2927 1143 2991 nominc
1164 2927 1269 3015 ipsius
1383 2983 1386 2988 ⁴

221 3046 368 3111 personae
391 3026 434 3091 ad
456 3027 613 3093 vicariam
637 3027 876 3113 praesentandae
898 3050 959 3094 nos
982 3029 1167 3095 certificetis
1199 3029 1269 3094 sine

221 3147 320 3191 mora.
368 3128 412 3193 Et
442 3129 644 3215 provideatis
677 3129 718 3195 de
752 3130 865 3215 aliquo
900 3130 1093 3217 presbytero
1124 3129 1270 3196 honestae

221 3231 478 3295 conversationis
516 3232 574 3316 qui
619 3230 722 3317 possit
760 3230 866 3295 eidem
905 3232 1048 3298 ecclesia
1086 3232 1127 3298 de
1164 3234 1270 3317 Aysse

221 3330 419 3398 sufficienter
442 3332 605 3398 des'ervire
628 3332 762 3399 interim
785 3332 821 3397 in
845 3332 977 3411 divinis,
992 3334 1181 3422 sumptibus
1195 3356 1270 3399 nos·

220 3432 290 3510 tris,
313 3454 483 3519 quousque
515 3434 659 3499 vicarius
681 3439 794 3498 noster
818 3436 1067 3519 praesentandus
1094 3438 1130 3500 in
1156 3437 1270 3501 cadem

221 3535 345 3600 vicaria
367 3536 468 3601 suerit
490 3536 673 3612 institutas,
698 3550 733 3601 et
755 3536 791 3600 in
813 3536 1013 3623 corporalem
1036 3538 1270 3624 possessionem

222 3636 385 3702 inductus.
430 3636 549 3703 Valeat
566 3638 652 3703 sicut
667 3638 774 3703 valere
798 3638 965 3705 vellemus.
1021 3639 1097 3707 Dat.
1115 3641 1269 3707 Cantuar.

220 3739 332 3824 xxvjl⁰
354 3740 408 3803 die
432 3738 707 3818 Februa1·i‚anuo
730 3740 807 3805 Dni.
831 3744 1093 3808 M⁰cccm⁰xxvl⁰.

649 4166 651 4174 “
707 4152 779 4222 171.

265 4316 313 4384 To
334 4317 387 4381 his
413 4317 509 4382 noble
539 4318 605 4383 and
635 4318 866 4385 well-beloved
894 4321 1009 4399 friend,
1034 4322 1089 4386 Sir
1115 4322 1218 4410 Hugh
1241 4324 1272 4388 le

223 4420 415 4505 Despenser‚
431 4419 485 4483 his
501 4418 665 4505 chaplain,
681 4419 808 4505 Henry,
826 4420 920 4486 Prior
944 4422 982 4487 of
1001 4422 1057 4487 the
1085 4422 1216 4490 Ohurch
1239 4427 1277 4490 of

220 4521 439 4606 (lanterbiary,
452 4521 611 4607 greeting,
627 4521 695 4585 and
711 4522 838 4587 eternal
860 4522 928 4608 joy.
976 4523 1067 4609 Very
1088 4526 1167 4590 deor
1189 4527 1270 4607 Sira,
1404 4557 1406 4560 ·

92 4644 96 4651 ’
220 4625 329 4711 please
345 4626 374 4688 it
388 4645 456 4709 you
472 4628 507 4687 to
529 4624 733 4689 understand
756 4624 832 4690 that
853 4625 898 4691 all
921 4626 980 4691 the
1002 4626 1181 4694 huntsmen
1204 4632 1271 4695 and

218 4727 277 4791 the
291 4726 378 4811 pack
394 4727 431 4789 of
442 4725 571 4789 hounds
586 4724 623 4792 of
635 4748 689 4811 my
709 4725 802 4811 Lady
814 4727 871 4792 the
888 4726 1002 4806 Quaen
1010 4727 1270 4801 haveremained

224 4827 305 4892 witb
322 4849 374 4893 ms
386 4836 422 4891 at
438 4826 649 4913 (lanterbury
665 4826 708 4892 all
726 4828 793 4895 this
807 4850 894 4914 year,
912 4850 988 4895 ever
999 4831 1089 4898 ¹since
1104 4855 1162 4920 my
1178 4835 1271 4923 lady
1310 4882 1313 4886 ›
