<?xml version="1.0" encoding="UTF-8"?>
<!DOCTYPE html PUBLIC "-//W3C//DTD XHTML 1.0 Transitional//EN"
    "http://www.w3.org/TR/xhtml1/DTD/xhtml1-transitional.dtd">
<html xmlns="http://www.w3.org/1999/xhtml" xml:lang="en" lang="en">
 <head>
  <title>
</title>
<meta http-equiv="Content-Type" content="text/html;charset=utf-8" />
  <meta name='ocr-system' content='tesseract 3.04.00' />
  <meta name='ocr-capabilities' content='ocr_page ocr_carea ocr_par ocr_line ocrx_word'/>
</head>
<body>
  <div class='ocr_page' id='page_1' title='image "./literaecantuari01shepgoog_0178.png"; bbox 0 0 3309 5859; ppageno 0'>
   <div class='ocr_carea' id='block_1_1' title="bbox 596 925 1308 1018">
    <p class='ocr_par' dir='ltr' id='par_1_1' title="bbox 596 925 1308 1018">
     <span class='ocr_line' id='line_1_1' title="bbox 596 925 1308 1018; baseline 0.01 -9"><span class='ocrx_word' id='word_1_1' title='bbox 596 961 891 1014; x_wconf 75' lang='lat' dir='ltr'>crurummusss.</span> <span class='ocrx_word' id='word_1_2' title='bbox 1222 953 1264 1018; x_wconf 84' lang='lat'>75</span> <span class='ocrx_word' id='word_1_3' title='bbox 1307 925 1308 934; x_wconf 8' lang='grc' dir='ltr'>ἵ</span> 
     </span>
    </p>
   </div>
   <div class='ocr_carea' id='block_1_2' title="bbox 216 1151 1431 2296">
    <p class='ocr_par' dir='ltr' id='par_1_2' title="bbox 216 1151 1420 1752">
     <span class='ocr_line' id='line_1_2' title="bbox 216 1151 1409 1230; baseline 0.003 -17"><span class='ocrx_word' id='word_1_4' title='bbox 216 1151 384 1215; x_wconf 73' lang='lat' dir='ltr'>executori</span> <span class='ocrx_word' id='word_1_5' title='bbox 414 1151 605 1216; x_wconf 79' lang='lat' dir='ltr'>testamenti</span> <span class='ocrx_word' id='word_1_6' title='bbox 636 1151 806 1217; x_wconf 78' lang='lat' dir='ltr'>Michaelis</span> <span class='ocrx_word' id='word_1_7' title='bbox 837 1163 892 1217; x_wconf 86' lang='lat' dir='ltr'>ate</span> <span class='ocrx_word' id='word_1_8' title='bbox 916 1151 1031 1219; x_wconf 87' lang='lat' dir='ltr'>Water</span> <span class='ocrx_word' id='word_1_9' title='bbox 1053 1153 1209 1230; x_wconf 75' lang='lat' dir='ltr'>defuncti,</span> <span class='ocrx_word' id='word_1_10' title='bbox 1233 1153 1409 1218; x_wconf 71' lang='lat' dir='ltr'>etth01’1i0r</span> 
     </span>
     <span class='ocr_line' id='line_1_3' title="bbox 218 1221 1398 1342; baseline 0.003 -27"><span class='ocrx_word' id='word_1_11' title='bbox 218 1251 353 1317; x_wconf 80' lang='lat' dir='ltr'>Thomae</span> <span class='ocrx_word' id='word_1_12' title='bbox 384 1258 439 1318; x_wconf 87' lang='lat' dir='ltr'>ate</span> <span class='ocrx_word' id='word_1_13' title='bbox 462 1253 578 1318; x_wconf 86' lang='lat' dir='ltr'>Water</span> <span class='ocrx_word' id='word_1_14' title='bbox 599 1252 670 1318; x_wconf 89' lang='lat' dir='ltr'>filio</span> <span class='ocrx_word' id='word_1_15' title='bbox 701 1252 876 1318; x_wconf 84' lang='lat' dir='ltr'>etheredi</span> <span class='ocrx_word' id='word_1_16' title='bbox 908 1254 1058 1342; x_wconf 80' lang='lat' dir='ltr'>praedicti</span> <span class='ocrx_word' id='word_1_17' title='bbox 1090 1253 1266 1331; x_wconf 83' lang='lat' dir='ltr'>Michaelis,</span> <span class='ocrx_word' id='word_1_18' title='bbox 1278 1221 1359 1337; x_wconf 49' lang='lat' dir='ltr'>{imp}</span> <span class='ocrx_word' id='word_1_19' title='bbox 1370 1288 1398 1336; x_wconf 85' lang='lat' dir='ltr'>of</span> 
     </span>
     <span class='ocr_line' id='line_1_4' title="bbox 219 1354 1344 1443; baseline 0.002 -25"><span class='ocrx_word' id='word_1_20' title='bbox 219 1375 331 1420; x_wconf 89' lang='lat' dir='ltr'>omnes</span> <span class='ocrx_word' id='word_1_21' title='bbox 361 1355 517 1432; x_wconf 88' lang='lat' dir='ltr'>actiones,</span> <span class='ocrx_word' id='word_1_22' title='bbox 551 1355 709 1442; x_wconf 83' lang='lat' dir='ltr'><strong>querelas,</strong></span> <span class='ocrx_word' id='word_1_23' title='bbox 741 1360 776 1420; x_wconf 91' lang='lat' dir='ltr'>et</span> <span class='ocrx_word' id='word_1_24' title='bbox 810 1356 998 1434; x_wconf 81' lang='lat' dir='ltr'>demendas,</span> <span class='ocrx_word' id='word_1_25' title='bbox 1034 1379 1115 1443; x_wconf 84' lang='lat' dir='ltr'>quas</span> <span class='ocrx_word' id='word_1_26' title='bbox 1153 1354 1344 1422; x_wconf 64' lang='lat' dir='ltr'>versusssde·</span> 
     </span>
     <span class='ocr_line' id='line_1_5' title="bbox 219 1423 1431 1545; baseline 0.002 -23"><span class='ocrx_word' id='word_1_27' title='bbox 219 1457 349 1523; x_wconf 88' lang='lat' dir='ltr'>eosdem</span> <span class='ocrx_word' id='word_1_28' title='bbox 382 1457 562 1524; x_wconf 91' lang='lat' dir='ltr'>habuimus</span> <span class='ocrx_word' id='word_1_29' title='bbox 592 1480 651 1524; x_wconf 92' lang='lat' dir='ltr'>seu</span> <span class='ocrx_word' id='word_1_30' title='bbox 685 1459 806 1524; x_wconf 83' lang='lat' dir='ltr'>hebere</span> <span class='ocrx_word' id='word_1_31' title='bbox 829 1461 1019 1545; x_wconf 70' lang='lat' dir='ltr'>poterimus,</span> <span class='ocrx_word' id='word_1_32' title='bbox 1042 1461 1171 1526; x_wconf 80' lang='lat' dir='ltr'>ratione</span> <span class='ocrx_word' id='word_1_33' title='bbox 1201 1482 1267 1526; x_wconf 88' lang='lat' dir='ltr'>ser·</span> <span class='ocrx_word' id='word_1_34' title='bbox 1280 1423 1431 1540; x_wconf 55' lang='lat' dir='ltr'><strong>ssfflnf‘</strong></span> 
     </span>
     <span class='ocr_line' id='line_1_6' title="bbox 222 1559 1375 1650; baseline 0.003 -28"><span class='ocrx_word' id='word_1_35' title='bbox 222 1559 298 1624; x_wconf 82' lang='lat' dir='ltr'>vitii</span> <span class='ocrx_word' id='word_1_36' title='bbox 331 1559 484 1648; x_wconf 80' lang='lat' dir='ltr'>praedicti</span> <span class='ocrx_word' id='word_1_37' title='bbox 519 1560 700 1641; x_wconf 84' lang='lat' dir='ltr'>Michaelis,</span> <span class='ocrx_word' id='word_1_38' title='bbox 723 1582 784 1648; x_wconf 90' lang='lat' dir='ltr'>pro</span> <span class='ocrx_word' id='word_1_39' title='bbox 818 1567 890 1628; x_wconf 82' lang='lat' dir='ltr'>toto</span> <span class='ocrx_word' id='word_1_40' title='bbox 913 1568 1060 1650; x_wconf 83' lang='lat' dir='ltr'>tempore</span> <span class='ocrx_word' id='word_1_41' title='bbox 1093 1584 1158 1650; x_wconf 92' lang='lat' dir='ltr'>quo</span> <span class='ocrx_word' id='word_1_42' title='bbox 1181 1563 1269 1628; x_wconf 89' lang='lat' dir='ltr'>1dem</span> <span class='ocrx_word' id='word_1_43' title='bbox 1281 1561 1375 1606; x_wconf 77' lang='lat' dir='ltr'>tenant</span> 
     </span>
     <span class='ocr_line' id='line_1_7' title="bbox 219 1661 1271 1752; baseline 0.006 -27"><span class='ocrx_word' id='word_1_44' title='bbox 219 1661 395 1728; x_wconf 88' lang='lat' dir='ltr'>Michaelis</span> <span class='ocrx_word' id='word_1_45' title='bbox 429 1663 537 1728; x_wconf 88' lang='lat' dir='ltr'>luit</span> <span class='ocrx_word' id='word_1_46' title='bbox 528 1686 564 1728; x_wconf 91' lang='lat' dir='ltr'>m</span> <span class='ocrx_word' id='word_1_47' title='bbox 596 1661 732 1729; x_wconf 81' lang='lat' dir='ltr'>servitio</span> <span class='ocrx_word' id='word_1_48' title='bbox 770 1668 884 1729; x_wconf 91' lang='lat' dir='ltr'>nostro</span> <span class='ocrx_word' id='word_1_49' title='bbox 921 1665 1011 1752; x_wconf 86' lang='lat' dir='ltr'>apud</span> <span class='ocrx_word' id='word_1_50' title='bbox 1044 1664 1158 1752; x_wconf 83' lang='lat' dir='ltr'>Olyve.</span> <span class='ocrx_word' id='word_1_51' title='bbox 1216 1665 1271 1731; x_wconf 86' lang='lat' dir='ltr'>Its</span> 
     </span>
    </p>

    <p class='ocr_par' dir='ltr' id='par_1_3' title="bbox 221 1764 1271 1955">
     <span class='ocr_line' id='line_1_8' title="bbox 222 1764 1271 1852; baseline 0.004 -24"><span class='ocrx_word' id='word_1_52' title='bbox 222 1764 310 1851; x_wconf 87' lang='lat' dir='ltr'>quod</span> <span class='ocrx_word' id='word_1_53' title='bbox 342 1786 410 1844; x_wconf 89' lang='lat' dir='ltr'>nes,</span> <span class='ocrx_word' id='word_1_54' title='bbox 435 1765 486 1830; x_wconf 89' lang='lat' dir='ltr'>vel</span> <span class='ocrx_word' id='word_1_55' title='bbox 523 1786 723 1831; x_wconf 85' lang='lat' dir='ltr'>successores</span> <span class='ocrx_word' id='word_1_56' title='bbox 758 1765 874 1842; x_wconf 83' lang='lat' dir='ltr'>nostri,</span> <span class='ocrx_word' id='word_1_57' title='bbox 896 1787 957 1832; x_wconf 89' lang='lat' dir='ltr'>nee</span> <span class='ocrx_word' id='word_1_58' title='bbox 986 1765 1108 1852; x_wconf 87' lang='lat' dir='ltr'>aliquis</span> <span class='ocrx_word' id='word_1_59' title='bbox 1138 1766 1271 1832; x_wconf 91' lang='lat' dir='ltr'>nomine</span> 
     </span>
     <span class='ocr_line' id='line_1_9' title="bbox 221 1866 1269 1955; baseline 0.005 -25"><span class='ocrx_word' id='word_1_60' title='bbox 221 1883 344 1945; x_wconf 82' lang='lat' dir='ltr'>nostro,</span> <span class='ocrx_word' id='word_1_61' title='bbox 365 1866 410 1932; x_wconf 88' lang='lat' dir='ltr'>ab</span> <span class='ocrx_word' id='word_1_62' title='bbox 439 1866 564 1932; x_wconf 88' lang='lat' dir='ltr'>eisdem</span> <span class='ocrx_word' id='word_1_63' title='bbox 586 1866 740 1932; x_wconf 85' lang='lat' dir='ltr'>Johanne</span> <span class='ocrx_word' id='word_1_64' title='bbox 770 1873 805 1932; x_wconf 91' lang='lat' dir='ltr'>et</span> <span class='ocrx_word' id='word_1_65' title='bbox 828 1867 965 1949; x_wconf 87' lang='lat' dir='ltr'>Thema,</span> <span class='ocrx_word' id='word_1_66' title='bbox 989 1869 1157 1935; x_wconf 84' lang='lat' dir='ltr'>occasione</span> <span class='ocrx_word' id='word_1_67' title='bbox 1188 1890 1269 1955; x_wconf 76' lang='lat' dir='ltr'>prte-</span> 
     </span>
    </p>

    <p class='ocr_par' dir='ltr' id='par_1_4' title="bbox 220 1969 1270 2158">
     <span class='ocr_line' id='line_1_10' title="bbox 222 1969 1269 2058; baseline 0.002 -24"><span class='ocrx_word' id='word_1_68' title='bbox 222 1969 322 2046; x_wconf 84' lang='lat' dir='ltr'>dicts,</span> <span class='ocrx_word' id='word_1_69' title='bbox 344 1969 473 2055; x_wconf 88' lang='lat' dir='ltr'>aliquid</span> <span class='ocrx_word' id='word_1_70' title='bbox 501 1969 634 2056; x_wconf 80' lang='lat' dir='ltr'>exigere</span> <span class='ocrx_word' id='word_1_71' title='bbox 657 1991 715 2035; x_wconf 87' lang='lat' dir='ltr'>seu</span> <span class='ocrx_word' id='word_1_72' title='bbox 746 1969 922 2036; x_wconf 90' lang='lat' dir='ltr'>vendicare</span> <span class='ocrx_word' id='word_1_73' title='bbox 954 1971 1135 2058; x_wconf 84' lang='lat' dir='ltr'>poterimus</span> <span class='ocrx_word' id='word_1_74' title='bbox 1159 1971 1194 2036; x_wconf 92' lang='lat' dir='ltr'>in</span> <span class='ocrx_word' id='word_1_75' title='bbox 1217 1971 1269 2036; x_wconf 85' lang='lat' dir='ltr'>fn·</span> 
     </span>
     <span class='ocr_line' id='line_1_11' title="bbox 220 2070 1270 2158; baseline 0.003 -23"><span class='ocrx_word' id='word_1_76' title='bbox 220 2075 344 2136; x_wconf 91' lang='lat' dir='ltr'>turum.</span> <span class='ocrx_word' id='word_1_77' title='bbox 400 2071 443 2135; x_wconf 89' lang='lat' dir='ltr'>In</span> <span class='ocrx_word' id='word_1_78' title='bbox 475 2071 569 2158; x_wconf 79' lang='lat' dir='ltr'>quus</span> <span class='ocrx_word' id='word_1_79' title='bbox 601 2071 649 2136; x_wconf 88' lang='lat' dir='ltr'>rei</span> <span class='ocrx_word' id='word_1_80' title='bbox 681 2070 909 2136; x_wconf 85' lang='lat' dir='ltr'>testimonium</span> <span class='ocrx_word' id='word_1_81' title='bbox 942 2077 1002 2138; x_wconf 89' lang='lat' dir='ltr'>ete.</span> <span class='ocrx_word' id='word_1_82' title='bbox 1057 2071 1143 2137; x_wconf 84' lang='lat' dir='ltr'>Data</span> <span class='ocrx_word' id='word_1_83' title='bbox 1168 2071 1270 2139; x_wconf 75' lang='lat' dir='ltr'>(lant</span> 
     </span>
    </p>

    <p class='ocr_par' dir='ltr' id='par_1_5' title="bbox 217 2174 1270 2296">
     <span class='ocr_line' id='line_1_12' title="bbox 217 2174 1270 2296; baseline 0.002 -56.008"><span class='ocrx_word' id='word_1_84' title='bbox 217 2175 323 2240; x_wconf 85' lang='lat' dir='ltr'>uariae</span> <span class='ocrx_word' id='word_1_85' title='bbox 360 2174 466 2261; x_wconf 90' lang='lat' dir='ltr'>primo</span> <span class='ocrx_word' id='word_1_86' title='bbox 504 2175 557 2240; x_wconf 90' lang='lat' dir='ltr'>die</span> <span class='ocrx_word' id='word_1_87' title='bbox 591 2175 715 2240; x_wconf 85' lang='lat' dir='ltr'>mensis</span> <span class='ocrx_word' id='word_1_88' title='bbox 746 2177 902 2262; x_wconf 86' lang='lat' dir='ltr'>Augusti,</span> <span class='ocrx_word' id='word_1_89' title='bbox 934 2197 1021 2243; x_wconf 76' lang='lat' dir='ltr'>anno</span> <span class='ocrx_word' id='word_1_90' title='bbox 1052 2177 1145 2264; x_wconf 89' lang='lat' dir='ltr'>regni</span> <span class='ocrx_word' id='word_1_91' title='bbox 1168 2175 1270 2296; x_wconf 89' lang='lat' dir='ltr'>Regis</span> 
     </span>
    </p>
   </div>
   <div class='ocr_carea' id='block_1_3' title="bbox 220 2276 909 2364">
    <p class='ocr_par' dir='ltr' id='par_1_6' title="bbox 220 2276 909 2364">
     <span class='ocr_line' id='line_1_13' title="bbox 220 2276 909 2364; baseline -0.001 -20"><span class='ocrx_word' id='word_1_92' title='bbox 220 2276 379 2344; x_wconf 77' lang='lat' dir='ltr'>Edwardi</span> <span class='ocrx_word' id='word_1_93' title='bbox 401 2277 463 2342; x_wconf 85' lang='lat' dir='ltr'>lilii</span> <span class='ocrx_word' id='word_1_94' title='bbox 486 2277 587 2364; x_wconf 81' lang='lat' dir='ltr'>Regis</span> <span class='ocrx_word' id='word_1_95' title='bbox 610 2277 767 2343; x_wconf 86' lang='lat' dir='ltr'>Edwardi</span> <span class='ocrx_word' id='word_1_96' title='bbox 791 2291 909 2344; x_wconf 72' lang='lat' dir='ltr'>xvom0.</span> 
     </span>
    </p>
   </div>
   <div class='ocr_carea' id='block_1_4' title="bbox 222 2493 1418 2674">
    <p class='ocr_par' dir='ltr' id='par_1_7' title="bbox 222 2493 1418 2674">
     <span class='ocr_line' id='line_1_14' title="bbox 222 2493 1418 2570; baseline -0.005 -6"><span class='ocrx_word' id='word_1_97' title='bbox 222 2493 374 2564; x_wconf 71' lang='lat' dir='ltr'>rs-ns</span> <span class='ocrx_word' id='word_1_98' title='bbox 410 2511 523 2561; x_wconf 78' lang='lat' dir='ltr'>ursas</span> <span class='ocrx_word' id='word_1_99' title='bbox 561 2512 603 2560; x_wconf 79' lang='lat' dir='ltr'>rr</span> <span class='ocrx_word' id='word_1_100' title='bbox 641 2509 804 2560; x_wconf 77' lang='lat' dir='ltr'>cs&#39;mmrs</span> <span class='ocrx_word' id='word_1_101' title='bbox 842 2493 1021 2561; x_wconf 82' lang='lat' dir='ltr'>Jonsuurs</span> <span class='ocrx_word' id='word_1_102' title='bbox 1059 2495 1184 2562; x_wconf 82' lang='lat' dir='ltr'>Powss</span> <span class='ocrx_word' id='word_1_103' title='bbox 1222 2511 1269 2560; x_wconf 86' lang='lat' dir='ltr'>os</span> <span class='ocrx_word' id='word_1_104' title='bbox 1308 2505 1336 2551; x_wconf 88' lang='lat'>11</span> <span class='ocrx_word' id='word_1_105' title='bbox 1351 2501 1418 2570; x_wconf 74' lang='lat' dir='ltr'>Aug.</span> 
     </span>
     <span class='ocr_line' id='line_1_15' title="bbox 554 2573 1396 2674; baseline -0.008 -9"><span class='ocrx_word' id='word_1_106' title='bbox 554 2598 743 2674; x_wconf 81' lang='lat' dir='ltr'>Wooerou,</span> <span class='ocrx_word' id='word_1_107' title='bbox 766 2614 934 2665; x_wconf 77' lang='lat' dir='ltr'>suerum.</span> <span class='ocrx_word' id='word_1_108' title='bbox 1325 2573 1396 2618; x_wconf 76' lang='lat'>¹³²²·</span> 
     </span>
    </p>
   </div>
   <div class='ocr_carea' id='block_1_5' title="bbox 267 2714 1424 2827">
    <p class='ocr_par' dir='ltr' id='par_1_8' title="bbox 267 2714 1424 2827">
     <span class='ocr_line' id='line_1_16' title="bbox 267 2714 1424 2827; baseline 0.001 -25"><span class='ocrx_word' id='word_1_109' title='bbox 267 2738 431 2804; x_wconf 89' lang='lat' dir='ltr'>Henricus</span> <span class='ocrx_word' id='word_1_110' title='bbox 465 2738 678 2827; x_wconf 81' lang='lat' dir='ltr'>permissione</span> <span class='ocrx_word' id='word_1_111' title='bbox 713 2743 773 2804; x_wconf 83' lang='lat' dir='ltr'>etc.</span> <span class='ocrx_word' id='word_1_112' title='bbox 805 2737 829 2802; x_wconf 86' lang='lat' dir='ltr'><strong>J</strong></span> <span class='ocrx_word' id='word_1_113' title='bbox 832 2737 956 2805; x_wconf 85' lang='lat' dir='ltr'>ohenm</span> <span class='ocrx_word' id='word_1_114' title='bbox 988 2744 1043 2804; x_wconf 92' lang='lat' dir='ltr'>ate</span> <span class='ocrx_word' id='word_1_115' title='bbox 1066 2738 1179 2804; x_wconf 87' lang='lat' dir='ltr'>Heme</span> <span class='ocrx_word' id='word_1_116' title='bbox 1213 2739 1268 2803; x_wconf 88' lang='lat' dir='ltr'>fir·</span> <span class='ocrx_word' id='word_1_117' title='bbox 1297 2714 1424 2767; x_wconf 63' lang='lat' dir='ltr'>L¹³⁵b</span> 
     </span>
    </p>
   </div>
   <div class='ocr_carea' id='block_1_6' title="bbox 222 2833 1440 4878">
    <p class='ocr_par' dir='ltr' id='par_1_9' title="bbox 222 2833 1435 3646">
     <span class='ocr_line' id='line_1_17' title="bbox 222 2833 1424 2922; baseline 0.002 -16"><span class='ocrx_word' id='word_1_118' title='bbox 222 2841 326 2906; x_wconf 88' lang='lat' dir='ltr'>mario</span> <span class='ocrx_word' id='word_1_119' title='bbox 357 2864 418 2907; x_wconf 90' lang='lat' dir='ltr'>suo</span> <span class='ocrx_word' id='word_1_120' title='bbox 440 2841 482 2907; x_wconf 89' lang='lat' dir='ltr'>de</span> <span class='ocrx_word' id='word_1_121' title='bbox 507 2840 670 2908; x_wconf 90' lang='lat' dir='ltr'>Wodeton</span> <span class='ocrx_word' id='word_1_122' title='bbox 702 2840 852 2906; x_wconf 89' lang='lat' dir='ltr'>salutem.</span> <span class='ocrx_word' id='word_1_123' title='bbox 901 2841 989 2922; x_wconf 81' lang='lat' dir='ltr'>Quia</span> <span class='ocrx_word' id='word_1_124' title='bbox 1011 2847 1100 2908; x_wconf 83' lang='lat' dir='ltr'>terre</span> <span class='ocrx_word' id='word_1_125' title='bbox 1123 2849 1158 2908; x_wconf 88' lang='lat' dir='ltr'>et</span> <span class='ocrx_word' id='word_1_126' title='bbox 1180 2847 1270 2908; x_wconf 88' lang='lat' dir='ltr'>tene·</span> <span class='ocrx_word' id='word_1_127' title='bbox 1283 2833 1424 2883; x_wconf 67' lang='lat' dir='ltr'>Thourios</span> 
     </span>
     <span class='ocr_line' id='line_1_18' title="bbox 223 2915 1414 3034; baseline 0.001 -26"><span class='ocrx_word' id='word_1_128' title='bbox 223 2948 344 3020; x_wconf 85' lang='lat' dir='ltr'>ments,</span> <span class='ocrx_word' id='word_1_129' title='bbox 367 2943 454 3008; x_wconf 87' lang='lat' dir='ltr'>bona</span> <span class='ocrx_word' id='word_1_130' title='bbox 487 2949 522 3008; x_wconf 91' lang='lat' dir='ltr'>et</span> <span class='ocrx_word' id='word_1_131' title='bbox 555 2943 675 3009; x_wconf 82' lang='lat' dir='ltr'>catalla</span> <span class='ocrx_word' id='word_1_132' title='bbox 705 2942 870 3008; x_wconf 85' lang='lat' dir='ltr'>Johannis</span> <span class='ocrx_word' id='word_1_133' title='bbox 905 2942 1029 3021; x_wconf 86' lang='lat' dir='ltr'>Power,</span> <span class='ocrx_word' id='word_1_134' title='bbox 1065 2944 1207 3034; x_wconf 88' lang='lat' dir='ltr'>hominis</span> <span class='ocrx_word' id='word_1_135' title='bbox 1238 2915 1414 3017; x_wconf 48' lang='lat' dir='ltr'>stimme</span> 
     </span>
     <span class='ocr_line' id='line_1_19' title="bbox 224 3033 1435 3154; baseline 0.001 -44"><span class='ocrx_word' id='word_1_136' title='bbox 224 3047 369 3111; x_wconf 89' lang='lat' dir='ltr'>tenentis</span> <span class='ocrx_word' id='word_1_137' title='bbox 398 3047 505 3112; x_wconf 89' lang='lat' dir='ltr'>nostri</span> <span class='ocrx_word' id='word_1_138' title='bbox 534 3045 682 3132; x_wconf 84' lang='lat' dir='ltr'>fugitivi,</span> <span class='ocrx_word' id='word_1_139' title='bbox 713 3045 825 3110; x_wconf 90' lang='lat' dir='ltr'>sunt</span> <span class='ocrx_word' id='word_1_140' title='bbox 815 3067 852 3110; x_wconf 89' lang='lat' dir='ltr'>m</span> <span class='ocrx_word' id='word_1_141' title='bbox 883 3067 985 3111; x_wconf 88' lang='lat' dir='ltr'>manu</span> <span class='ocrx_word' id='word_1_142' title='bbox 1011 3052 1199 3126; x_wconf 70' lang='lat' dir='ltr'>nostrast</span> <span class='ocrx_word' id='word_1_143' title='bbox 1229 3033 1435 3154; x_wconf 53' lang='lat' dir='ltr'>ad3¹⁸²⁰t⁰fh2</span> 
     </span>
     <span class='ocr_line' id='line_1_20' title="bbox 223 3147 1385 3264; baseline 0.003 -50"><span class='ocrx_word' id='word_1_144' title='bbox 223 3171 284 3214; x_wconf 89' lang='lat' dir='ltr'>nos</span> <span class='ocrx_word' id='word_1_145' title='bbox 306 3154 340 3213; x_wconf 87' lang='lat' dir='ltr'>et</span> <span class='ocrx_word' id='word_1_146' title='bbox 363 3147 540 3213; x_wconf 87' lang='lat' dir='ltr'>Ecclesiam</span> <span class='ocrx_word' id='word_1_147' title='bbox 563 3151 709 3212; x_wconf 87' lang='lat' dir='ltr'>nostram</span> <span class='ocrx_word' id='word_1_148' title='bbox 733 3147 913 3264; x_wconf 77' lang='lat' dir='ltr'>pertinent,</span> <span class='ocrx_word' id='word_1_149' title='bbox 926 3147 1054 3213; x_wconf 87' lang='lat' dir='ltr'>ratione</span> <span class='ocrx_word' id='word_1_150' title='bbox 1076 3148 1166 3234; x_wconf 85' lang='lat' dir='ltr'>fugas</span> <span class='ocrx_word' id='word_1_151' title='bbox 1189 3170 1272 3236; x_wconf 81' lang='lat' dir='ltr'>prm·</span> <span class='ocrx_word' id='word_1_152' title='bbox 1284 3168 1385 3217; x_wconf 66' lang='lat' dir='ltr'>nube</span> 
     </span>
     <span class='ocr_line' id='line_1_21' title="bbox 225 3248 1440 3354; baseline 0.001 -39"><span class='ocrx_word' id='word_1_153' title='bbox 225 3250 307 3317; x_wconf 88' lang='lat' dir='ltr'>dicti</span> <span class='ocrx_word' id='word_1_154' title='bbox 330 3249 504 3328; x_wconf 85' lang='lat' dir='ltr'>Johannis,</span> <span class='ocrx_word' id='word_1_155' title='bbox 528 3248 726 3315; x_wconf 76' lang='lat' dir='ltr'>mandamus</span> <span class='ocrx_word' id='word_1_156' title='bbox 757 3254 792 3314; x_wconf 93' lang='lat' dir='ltr'>et</span> <span class='ocrx_word' id='word_1_157' title='bbox 814 3249 1027 3336; x_wconf 71' lang='lat' dir='ltr'>praecipimus</span> <span class='ocrx_word' id='word_1_158' title='bbox 1051 3252 1138 3336; x_wconf 92' lang='lat' dir='ltr'>quod</span> <span class='ocrx_word' id='word_1_159' title='bbox 1162 3272 1275 3317; x_wconf 90' lang='lat' dir='ltr'>omnes</span> <span class='ocrx_word' id='word_1_160' title='bbox 1283 3249 1440 3354; x_wconf 56' lang='lat' dir='ltr'>gplmead</span> 
     </span>
     <span class='ocr_line' id='line_1_22' title="bbox 224 3351 1399 3438; baseline 0.001 -19"><span class='ocrx_word' id='word_1_161' title='bbox 224 3359 328 3420; x_wconf 83' lang='lat' dir='ltr'>terras</span> <span class='ocrx_word' id='word_1_162' title='bbox 365 3359 400 3420; x_wconf 88' lang='lat' dir='ltr'>et</span> <span class='ocrx_word' id='word_1_163' title='bbox 438 3358 636 3430; x_wconf 67' lang='lat' dir='ltr'>tenemento„</span> <span class='ocrx_word' id='word_1_164' title='bbox 673 3352 762 3417; x_wconf 85' lang='lat' dir='ltr'>bona</span> <span class='ocrx_word' id='word_1_165' title='bbox 799 3358 834 3415; x_wconf 90' lang='lat' dir='ltr'>et</span> <span class='ocrx_word' id='word_1_166' title='bbox 871 3351 999 3429; x_wconf 80' lang='lat' dir='ltr'>catella,</span> <span class='ocrx_word' id='word_1_167' title='bbox 1037 3375 1100 3438; x_wconf 93' lang='lat' dir='ltr'>que</span> <span class='ocrx_word' id='word_1_168' title='bbox 1138 3353 1273 3420; x_wconf 85' lang='lat' dir='ltr'>fuerunt</span> <span class='ocrx_word' id='word_1_169' title='bbox 1258 3359 1399 3436; x_wconf 65' lang='lat' dir='ltr'>tragisse.</span> 
     </span>
     <span class='ocr_line' id='line_1_23' title="bbox 222 3454 1356 3544; baseline 0.001 -22"><span class='ocrx_word' id='word_1_170' title='bbox 222 3457 374 3544; x_wconf 72' lang='lat' dir='ltr'>praedicti</span> <span class='ocrx_word' id='word_1_171' title='bbox 404 3454 580 3534; x_wconf 85' lang='lat' dir='ltr'>Johannis,</span> <span class='ocrx_word' id='word_1_172' title='bbox 611 3456 648 3520; x_wconf 87' lang='lat' dir='ltr'>in</span> <span class='ocrx_word' id='word_1_173' title='bbox 691 3459 859 3542; x_wconf 84' lang='lat' dir='ltr'>potestate</span> <span class='ocrx_word' id='word_1_174' title='bbox 901 3461 936 3522; x_wconf 87' lang='lat' dir='ltr'>et</span> <span class='ocrx_word' id='word_1_175' title='bbox 974 3456 1122 3521; x_wconf 89' lang='lat' dir='ltr'>dominio</span> <span class='ocrx_word' id='word_1_176' title='bbox 1159 3463 1273 3524; x_wconf 87' lang='lat' dir='ltr'>nostro</span> <span class='ocrx_word' id='word_1_177' title='bbox 1351 3483 1356 3493; x_wconf 91' lang='lat'><strong>·</strong></span> 
     </span>
     <span class='ocr_line' id='line_1_24' title="bbox 224 3556 1274 3646; baseline -0.001 -21"><span class='ocrx_word' id='word_1_178' title='bbox 224 3559 316 3625; x_wconf 84' lang='lat' dir='ltr'>salvo</span> <span class='ocrx_word' id='word_1_179' title='bbox 354 3563 389 3625; x_wconf 92' lang='lat' dir='ltr'>et</span> <span class='ocrx_word' id='word_1_180' title='bbox 426 3580 539 3626; x_wconf 86' lang='lat' dir='ltr'>secure</span> <span class='ocrx_word' id='word_1_181' title='bbox 577 3557 753 3624; x_wconf 78' lang='lat' dir='ltr'>custodias.</span> <span class='ocrx_word' id='word_1_182' title='bbox 800 3557 856 3622; x_wconf 85' lang='lat' dir='ltr'>Its</span> <span class='ocrx_word' id='word_1_183' title='bbox 890 3557 979 3644; x_wconf 88' lang='lat' dir='ltr'>quod</span> <span class='ocrx_word' id='word_1_184' title='bbox 1010 3557 1051 3623; x_wconf 88' lang='lat' dir='ltr'>de</span> <span class='ocrx_word' id='word_1_185' title='bbox 1083 3556 1274 3646; x_wconf 89' lang='lat' dir='ltr'>hujusmodi</span> 
     </span>
    </p>

    <p class='ocr_par' dir='ltr' id='par_1_10' title="bbox 223 3649 1273 3747">
     <span class='ocr_line' id='line_1_25' title="bbox 223 3649 1273 3747; baseline -0.001 -18"><span class='ocrx_word' id='word_1_186' title='bbox 223 3663 320 3729; x_wconf 89' lang='lat' dir='ltr'>bonis</span> <span class='ocrx_word' id='word_1_187' title='bbox 337 3649 387 3727; x_wconf 54' lang='lat' dir='ltr'>&#39;et</span> <span class='ocrx_word' id='word_1_188' title='bbox 419 3661 559 3739; x_wconf 76' lang='lat' dir='ltr'>catellis,</span> <span class='ocrx_word' id='word_1_189' title='bbox 583 3665 618 3726; x_wconf 89' lang='lat' dir='ltr'>et</span> <span class='ocrx_word' id='word_1_190' title='bbox 647 3660 688 3726; x_wconf 90' lang='lat' dir='ltr'>de</span> <span class='ocrx_word' id='word_1_191' title='bbox 720 3659 873 3725; x_wconf 87' lang='lat' dir='ltr'>omnibus</span> <span class='ocrx_word' id='word_1_192' title='bbox 909 3659 1055 3725; x_wconf 85' lang='lat' dir='ltr'>exitibus</span> <span class='ocrx_word' id='word_1_193' title='bbox 1077 3666 1112 3726; x_wconf 90' lang='lat' dir='ltr'>et</span> <span class='ocrx_word' id='word_1_194' title='bbox 1133 3683 1273 3747; x_wconf 89' lang='lat' dir='ltr'>proven·</span> 
     </span>
    </p>

    <p class='ocr_par' dir='ltr' id='par_1_11' title="bbox 224 3763 1273 3952">
     <span class='ocr_line' id='line_1_26' title="bbox 225 3763 1273 3849; baseline -0.002 -18"><span class='ocrx_word' id='word_1_195' title='bbox 225 3765 317 3831; x_wconf 89' lang='lat' dir='ltr'>tibus</span> <span class='ocrx_word' id='word_1_196' title='bbox 350 3774 515 3830; x_wconf 88' lang='lat' dir='ltr'>terrarum</span> <span class='ocrx_word' id='word_1_197' title='bbox 543 3767 578 3828; x_wconf 89' lang='lat' dir='ltr'>et</span> <span class='ocrx_word' id='word_1_198' title='bbox 610 3767 878 3828; x_wconf 88' lang='lat' dir='ltr'>tenementorum</span> <span class='ocrx_word' id='word_1_199' title='bbox 910 3763 1146 3849; x_wconf 71' lang='lat' dir='ltr'>praedictorum</span> <span class='ocrx_word' id='word_1_200' title='bbox 1178 3764 1273 3830; x_wconf 89' lang='lat' dir='ltr'>nobis</span> 
     </span>
     <span class='ocr_line' id='line_1_27' title="bbox 224 3864 1273 3952; baseline -0.001 -20"><span class='ocrx_word' id='word_1_201' title='bbox 224 3867 368 3932; x_wconf 88' lang='lat' dir='ltr'>fideliter</span> <span class='ocrx_word' id='word_1_202' title='bbox 389 3872 424 3932; x_wconf 91' lang='lat' dir='ltr'>et</span> <span class='ocrx_word' id='word_1_203' title='bbox 445 3864 654 3952; x_wconf 86' lang='lat' dir='ltr'>integraliter</span> <span class='ocrx_word' id='word_1_204' title='bbox 669 3865 775 3952; x_wconf 89' lang='lat' dir='ltr'>possis</span> <span class='ocrx_word' id='word_1_205' title='bbox 790 3865 995 3952; x_wconf 88' lang='lat' dir='ltr'>respondere,</span> <span class='ocrx_word' id='word_1_206' title='bbox 1011 3865 1273 3952; x_wconf 89' lang='lat' dir='ltr'>quandocunque</span> 
     </span>
    </p>

    <p class='ocr_par' dir='ltr' id='par_1_12' title="bbox 225 3966 1274 4057">
     <span class='ocr_line' id='line_1_28' title="bbox 225 3966 1274 4057; baseline 0 -25"><span class='ocrx_word' id='word_1_207' title='bbox 225 3992 286 4057; x_wconf 90' lang='lat' dir='ltr'>per</span> <span class='ocrx_word' id='word_1_208' title='bbox 316 3989 387 4047; x_wconf 92' lang='lat' dir='ltr'>nos,</span> <span class='ocrx_word' id='word_1_209' title='bbox 409 3968 463 4034; x_wconf 87' lang='lat' dir='ltr'>vel</span> <span class='ocrx_word' id='word_1_210' title='bbox 497 3966 715 4034; x_wconf 80' lang='lat' dir='ltr'>senescallum</span> <span class='ocrx_word' id='word_1_211' title='bbox 745 3966 910 4032; x_wconf 86' lang='lat' dir='ltr'>libertatis</span> <span class='ocrx_word' id='word_1_212' title='bbox 936 3972 1067 4044; x_wconf 81' lang='lat' dir='ltr'>nostrae,</span> <span class='ocrx_word' id='word_1_213' title='bbox 1090 3989 1187 4054; x_wconf 90' lang='lat' dir='ltr'>super</span> <span class='ocrx_word' id='word_1_214' title='bbox 1208 3968 1274 4032; x_wconf 88' lang='lat' dir='ltr'>hiis</span> 
     </span>
    </p>

    <p class='ocr_par' dir='ltr' id='par_1_13' title="bbox 223 4067 1275 4264">
     <span class='ocr_line' id='line_1_29' title="bbox 223 4067 1274 4158; baseline -0.003 -20"><span class='ocrx_word' id='word_1_215' title='bbox 223 4072 326 4138; x_wconf 87' lang='lat' dir='ltr'>fueris</span> <span class='ocrx_word' id='word_1_216' title='bbox 359 4069 587 4158; x_wconf 70' lang='lat' dir='ltr'>praemunitus.</span> <span class='ocrx_word' id='word_1_217' title='bbox 651 4070 696 4134; x_wconf 88' lang='lat' dir='ltr'>Et</span> <span class='ocrx_word' id='word_1_218' title='bbox 727 4068 794 4134; x_wconf 90' lang='lat' dir='ltr'>ista</span> <span class='ocrx_word' id='word_1_219' title='bbox 825 4067 968 4134; x_wconf 87' lang='lat' dir='ltr'>fideliter</span> <span class='ocrx_word' id='word_1_220' title='bbox 1000 4069 1102 4136; x_wconf 83' lang='lat' dir='ltr'>facias</span> <span class='ocrx_word' id='word_1_221' title='bbox 1134 4077 1168 4135; x_wconf 88' lang='lat' dir='ltr'>et</span> <span class='ocrx_word' id='word_1_222' title='bbox 1199 4092 1274 4135; x_wconf 84' lang='lat' dir='ltr'>exe·</span> 
     </span>
     <span class='ocr_line' id='line_1_30' title="bbox 223 4172 1275 4264; baseline -0.003 -22"><span class='ocrx_word' id='word_1_223' title='bbox 223 4176 344 4264; x_wconf 87' lang='lat' dir='ltr'>quaris,</span> <span class='ocrx_word' id='word_1_224' title='bbox 374 4177 460 4242; x_wconf 90' lang='lat' dir='ltr'>sicut</span> <span class='ocrx_word' id='word_1_225' title='bbox 491 4175 635 4261; x_wconf 80' lang='lat' dir='ltr'>teipsum</span> <span class='ocrx_word' id='word_1_226' title='bbox 658 4173 870 4260; x_wconf 89' lang='lat' dir='ltr'>indempnem</span> <span class='ocrx_word' id='word_1_227' title='bbox 894 4172 1038 4238; x_wconf 87' lang='lat' dir='ltr'>volueris</span> <span class='ocrx_word' id='word_1_228' title='bbox 1061 4193 1275 4254; x_wconf 73' lang='lat' dir='ltr'>conseruere;</span> 
     </span>
    </p>

    <p class='ocr_par' dir='ltr' id='par_1_14' title="bbox 222 4275 1273 4368">
     <span class='ocr_line' id='line_1_31' title="bbox 222 4275 1273 4368; baseline -0.006 -20"><span class='ocrx_word' id='word_1_229' title='bbox 222 4303 285 4348; x_wconf 88' lang='lat' dir='ltr'>nec</span> <span class='ocrx_word' id='word_1_230' title='bbox 307 4280 483 4368; x_wconf 84' lang='lat' dir='ltr'>permittas</span> <span class='ocrx_word' id='word_1_231' title='bbox 514 4277 603 4364; x_wconf 91' lang='lat' dir='ltr'>quod</span> <span class='ocrx_word' id='word_1_232' title='bbox 623 4276 747 4363; x_wconf 88' lang='lat' dir='ltr'>aliquis</span> <span class='ocrx_word' id='word_1_233' title='bbox 779 4276 865 4342; x_wconf 82' lang='lat' dir='ltr'>elius</span> <span class='ocrx_word' id='word_1_234' title='bbox 888 4275 930 4342; x_wconf 91' lang='lat' dir='ltr'>de</span> <span class='ocrx_word' id='word_1_235' title='bbox 953 4275 1144 4362; x_wconf 88' lang='lat' dir='ltr'>hujusmodi</span> <span class='ocrx_word' id='word_1_236' title='bbox 1167 4277 1273 4356; x_wconf 87' lang='lat' dir='ltr'>terris,</span> 
     </span>
    </p>

    <p class='ocr_par' dir='ltr' id='par_1_15' title="bbox 223 4379 1275 4575">
     <span class='ocr_line' id='line_1_32' title="bbox 223 4379 1274 4456; baseline -0.003 -6"><span class='ocrx_word' id='word_1_237' title='bbox 223 4385 321 4450; x_wconf 89' lang='lat' dir='ltr'>bonis</span> <span class='ocrx_word' id='word_1_238' title='bbox 351 4388 387 4449; x_wconf 90' lang='lat' dir='ltr'>et</span> <span class='ocrx_word' id='word_1_239' title='bbox 418 4380 547 4450; x_wconf 82' lang='lat' dir='ltr'>catallis</span> <span class='ocrx_word' id='word_1_240' title='bbox 578 4403 612 4446; x_wconf 89' lang='lat' dir='ltr'>se</span> <span class='ocrx_word' id='word_1_241' title='bbox 654 4380 869 4456; x_wconf 86' lang='lat' dir='ltr'>intromittat,</span> <span class='ocrx_word' id='word_1_242' title='bbox 908 4401 968 4445; x_wconf 89' lang='lat' dir='ltr'>nec</span> <span class='ocrx_word' id='word_1_243' title='bbox 1004 4379 1048 4444; x_wconf 91' lang='lat' dir='ltr'>ad</span> <span class='ocrx_word' id='word_1_244' title='bbox 1081 4403 1120 4446; x_wconf 90' lang='lat' dir='ltr'>ea</span> <span class='ocrx_word' id='word_1_245' title='bbox 1157 4403 1274 4447; x_wconf 86' lang='lat' dir='ltr'>manus</span> 
     </span>
     <span class='ocr_line' id='line_1_33' title="bbox 223 4482 1275 4575; baseline -0.006 -21"><span class='ocrx_word' id='word_1_246' title='bbox 223 4491 380 4575; x_wconf 81' lang='lat' dir='ltr'>apponat,</span> <span class='ocrx_word' id='word_1_247' title='bbox 402 4485 474 4551; x_wconf 89' lang='lat' dir='ltr'>sine</span> <span class='ocrx_word' id='word_1_248' title='bbox 508 4482 642 4570; x_wconf 84' lang='lat' dir='ltr'>speciali</span> <span class='ocrx_word' id='word_1_249' title='bbox 664 4482 823 4548; x_wconf 80' lang='lat' dir='ltr'>mandato</span> <span class='ocrx_word' id='word_1_250' title='bbox 856 4486 978 4559; x_wconf 87' lang='lat' dir='ltr'>nostro,</span> <span class='ocrx_word' id='word_1_251' title='bbox 1001 4482 1055 4546; x_wconf 90' lang='lat' dir='ltr'>vel</span> <span class='ocrx_word' id='word_1_252' title='bbox 1082 4483 1275 4550; x_wconf 83' lang='lat' dir='ltr'>seneschalli</span> 
     </span>
    </p>

    <p class='ocr_par' dir='ltr' id='par_1_16' title="bbox 223 4583 1276 4774">
     <span class='ocr_line' id='line_1_34' title="bbox 223 4583 1276 4674; baseline -0.002 -20"><span class='ocrx_word' id='word_1_253' title='bbox 223 4589 329 4656; x_wconf 84' lang='lat' dir='ltr'>nostri</span> <span class='ocrx_word' id='word_1_254' title='bbox 352 4586 513 4674; x_wconf 86' lang='lat' dir='ltr'>praedicti.</span> <span class='ocrx_word' id='word_1_255' title='bbox 559 4584 649 4665; x_wconf 81' lang='lat' dir='ltr'>Quid</span> <span class='ocrx_word' id='word_1_256' title='bbox 663 4589 776 4650; x_wconf 90' lang='lat' dir='ltr'>autem</span> <span class='ocrx_word' id='word_1_257' title='bbox 800 4605 900 4671; x_wconf 89' lang='lat' dir='ltr'>super</span> <span class='ocrx_word' id='word_1_258' title='bbox 916 4585 1093 4670; x_wconf 75' lang='lat' dir='ltr'>praemissis</span> <span class='ocrx_word' id='word_1_259' title='bbox 1115 4583 1276 4652; x_wconf 81' lang='lat' dir='ltr'>hactenus</span> 
     </span>
     <span class='ocr_line' id='line_1_35' title="bbox 223 4685 1276 4774; baseline -0.002 -18"><span class='ocrx_word' id='word_1_260' title='bbox 223 4691 379 4767; x_wconf 85' lang='lat' dir='ltr'>feceritis,</span> <span class='ocrx_word' id='word_1_261' title='bbox 409 4688 464 4754; x_wconf 87' lang='lat' dir='ltr'>vel</span> <span class='ocrx_word' id='word_1_262' title='bbox 500 4688 716 4774; x_wconf 82' lang='lat' dir='ltr'>imposterum</span> <span class='ocrx_word' id='word_1_263' title='bbox 750 4685 858 4752; x_wconf 86' lang='lat' dir='ltr'>iacere</span> <span class='ocrx_word' id='word_1_264' title='bbox 897 4691 931 4750; x_wconf 91' lang='lat' dir='ltr'>te</span> <span class='ocrx_word' id='word_1_265' title='bbox 969 4688 1149 4774; x_wconf 86' lang='lat' dir='ltr'>continget,</span> <span class='ocrx_word' id='word_1_266' title='bbox 1181 4689 1276 4754; x_wconf 90' lang='lat' dir='ltr'>nobis</span> 
     </span>
    </p>

    <p class='ocr_par' dir='ltr' id='par_1_17' title="bbox 224 4787 1276 4878">
     <span class='ocr_line' id='line_1_36' title="bbox 224 4787 1276 4878; baseline -0.002 -18"><span class='ocrx_word' id='word_1_267' title='bbox 224 4795 308 4860; x_wconf 88' lang='lat' dir='ltr'>seire</span> <span class='ocrx_word' id='word_1_268' title='bbox 338 4793 452 4870; x_wconf 80' lang='lat' dir='ltr'>facias,</span> <span class='ocrx_word' id='word_1_269' title='bbox 476 4791 511 4855; x_wconf 92' lang='lat' dir='ltr'>in</span> <span class='ocrx_word' id='word_1_270' title='bbox 543 4790 679 4878; x_wconf 90' lang='lat' dir='ltr'>propria</span> <span class='ocrx_word' id='word_1_271' title='bbox 711 4810 851 4875; x_wconf 88' lang='lat' dir='ltr'>persona</span> <span class='ocrx_word' id='word_1_272' title='bbox 885 4787 939 4854; x_wconf 89' lang='lat' dir='ltr'>vel</span> <span class='ocrx_word' id='word_1_273' title='bbox 961 4810 1020 4875; x_wconf 89' lang='lat' dir='ltr'>per</span> <span class='ocrx_word' id='word_1_274' title='bbox 1049 4789 1178 4858; x_wconf 80' lang='lat' dir='ltr'>litteres</span> <span class='ocrx_word' id='word_1_275' title='bbox 1202 4797 1276 4858; x_wconf 84' lang='lat' dir='ltr'>tuas</span> 
     </span>
    </p>
   </div>
   <div class='ocr_carea' id='block_1_7' title="bbox 224 4891 1277 4984">
    <p class='ocr_par' dir='ltr' id='par_1_18' title="bbox 224 4891 1277 4984">
     <span class='ocr_line' id='line_1_37' title="bbox 224 4891 1277 4984; baseline 0 -20"><span class='ocrx_word' id='word_1_276' title='bbox 224 4899 288 4965; x_wconf 89' lang='lat' dir='ltr'>sub</span> <span class='ocrx_word' id='word_1_277' title='bbox 324 4895 435 4984; x_wconf 89' lang='lat' dir='ltr'>sigillo</span> <span class='ocrx_word' id='word_1_278' title='bbox 472 4902 540 4973; x_wconf 84' lang='lat' dir='ltr'>tuo,</span> <span class='ocrx_word' id='word_1_279' title='bbox 577 4895 614 4959; x_wconf 91' lang='lat' dir='ltr'>in</span> <span class='ocrx_word' id='word_1_280' title='bbox 652 4894 738 4960; x_wconf 83' lang='lat' dir='ltr'>festo</span> <span class='ocrx_word' id='word_1_281' title='bbox 776 4891 979 4960; x_wconf 80' lang='lat' dir='ltr'>Natiuitatis</span> <span class='ocrx_word' id='word_1_282' title='bbox 1017 4893 1128 4962; x_wconf 84' lang='lat' dir='ltr'>Beutae</span> <span class='ocrx_word' id='word_1_283' title='bbox 1164 4896 1277 4964; x_wconf 82' lang='lat' dir='ltr'>Mariae</span> 
     </span>
    </p>
   </div>
   <div class='ocr_carea' id='block_1_8' title="bbox 0 0 1669 5859">
    <p class='ocr_par' dir='ltr' id='par_1_19' title="bbox 0 0 1669 5859">
     <span class='ocr_line' id='line_1_38' title="bbox 0 0 1669 5859; baseline 0 0"><span class='ocrx_word' id='word_1_284' title='bbox 0 0 1669 5859; x_wconf 95' lang='lat' dir='ltr'> </span> 
     </span>
    </p>
   </div>
  </div>
 </body>
</html>
