3309 5859
430 900 493 963 162
884 906 1016 955 mm

289 998 390 1057 (isso.)

259 1134 382 1185 Mb·
521 1160 695 1229 loe-Da
725 1174 878 1227 ursono
901 1156 1051 1223 Fasrms
1073 1154 1112 1221 R
1140 1152 1389 1219 nsAnnooua

259 1258 314 1309 'I'lre
326 1258 399 1310 Prior

262 1324 365 1376 informs
474 1327 596 1395 Salutz.
643 1325 800 1391 Trescher
824 1322 897 1389 Sire
918 1342 980 1409 par
993 1342 1050 1387 ceo
1073 1342 1113 1406 qe
1128 1341 1176 1384 un
1190 1318 1231 1383 de
1254 1340 1317 1383 non
1330 1316 1471 1405 moignes

259 1393 415 1523 iiffhiffiisst
428 1431 470 1496 ad
494 1428 631 1515 mespris
666 1432 779 1491 contre
812 1424 910 1503 Dieu,
934 1428 970 1489 et
1006 1427 1119 1488 contre
1153 1442 1190 1485 sa
1220 1418 1412 1507 profession,
1441 1426 1472 1484 et

260 1524 405 1589 hehuput
429 1538 541 1599 contre
573 1530 714 1595 chescun
746 1532 834 1593 estat
871 1527 911 1591 dc
941 1526 1049 1589 sainte
1081 1523 1229 1609 religion,
1251 1521 1276 1585 il
1300 1528 1350 1587 est
1372 1522 1473 1586 misa

259 1592 399 1709 iidniiiff
429 1655 582 1722 peuense,
606 1632 711 1695 solum
739 1630 769 1695 le
794 1629 889 1694 ordre
912 1634 946 1693 et
972 1627 1006 1692 la
1029 1626 1118 1691 reule
1142 1626 1183 1690 de
1206 1624 1314 1711 Seynt
1337 1625 1470 1710 Beneyt,

257 1740 389 1855 ξξξέξὲἕῃ
427 1759 492 1824 pur
518 1736 682 1801 selvacion
708 1733 748 1797 de
775 1753 811 1796 sa
836 1732 922 1796 alme
946 1752 1011 1816 pur
1037 1728 1147 1793 divers
1174 1732 1300 1813 trespos
1330 1748 1371 1811 qe
1400 1732 1471 1791 sont

258 1859 314 1906 that
326 1808 408 1909 arsag
427 1838 577 1905 notables
593 1842 627 1901 ct
651 1834 690 1899 dc
713 1839 811 1921 grant
828 1832 956 1919 charge.
1001 1830 1047 1895 Et
1070 1852 1132 1917 pur
1147 1851 1211 1907 ceo,
1235 1827 1380 1893 treschcr
1394 1828 1469 1905 Sire,

258 1942 393 2055 mfyfhm
429 1963 511 2006 nous
526 1962 609 2005 vous
631 1938 754 2025 prioms
779 1935 979 2009 fieblcment,
1004 1956 1044 2019 qe
1068 1934 1097 1997 si
1124 1954 1208 1997 vous
1241 1952 1365 2017 enoyez
1389 1932 1471 1995 tiens

258 2060 393 2119 rotamur
429 2042 535 2129 parler
562 2041 602 2105 dc
626 2044 715 2105 cesto
739 2037 909 2123 busoigne,
925 2058 1008 2100 vous
1034 2034 1122 2121 plese
1146 2055 1283 2099 excuser
1305 2055 1397 2111 nous
1411 2056 1471 2119 pur

257 2124 410 2239 gfflceming
428 2145 475 2209 lcs
513 2142 691 2208 cnohesons
725 2139 900 2224 suysdites,
927 2142 1038 2203 contre
1070 2142 1157 2201 totos
1190 2141 1289 2222 gentz
1315 2159 1356 2223 qe
1394 2158 1470 2201 vous

257 2257 413 2315 scandsshe
427 2267 559 2312 enorrez
580 2244 689 2330 parler
711 2242 751 2306 de
766 2250 852 2306 ceste
874 2239 1042 2326 busoigne.
1087 2238 1210 2304 Salutz.

257 2324 371 2439 rur

256 2455 346 2521 bishop
358 2464 385 2505 to

255 2523 334 2584 spesk
346 2522 372 2571 io

256 2588 401 2705 {fflffi
462 2598 777 2667 165.-Rrsrossro
799 2611 848 2660 sn
870 2610 1182 2661 cossurrsnoum
1204 2611 1305 2660 ωσι
1328 2612 1436 2662 surra

256 2722 299 2769 thc
312 2730 401 2772 matter
716 2772 721 2783 ·
783 2714 902 2761 vanus
925 2712 1117 2762 Ammonis.

256 2787 394 2839 ‹liscussed

317 2934 323 2947 ,
471 2868 538 2932 Suo
572 2865 661 2951 patri
692 2865 833 2930 devotus
867 2862 958 2927 filius
979 2862 1119 2949 gloriam
1142 2862 1234 2927 illam
1257 2884 1358 2949 quam
1380 2885 1472 2931 eane·

263 2933 402 3053 Chlrggtgrse
426 2972 509 3037 bant
531 2970 620 3035 cives
643 2967 791 3051 angelici,
806 2966 939 3031 Christo
961 2972 1050 3031 nato.
1095 2964 1163 3029 Pro
1186 2965 1250 3029 hiis
1274 2986 1348 3051 quae
1370 2988 1472 3054 nuper

426 3072 527 3139 michi
550 3070 654 3135 vestri
676 3070 783 3155 gretia
817 3068 999 3132 literatorie
1021 3066 1287 3133 communicastis
1309 3068 1404 3133 vobis
1424 3091 1471 3134 re-

255 3134 285 3183 L.
299 3134 378 3184 lm
425 3175 496 3240 iero
518 3178 628 3260 gretes
651 3171 781 3247 multas,
805 3174 840 3233 et
863 3191 900 3233 co
923 3167 1106 3254 ampliores,
1130 3169 1209 3253 quia
1231 3168 1304 3254 ipso
1327 3168 1380 3235 die
1409 3192 1472 3256 quo

255 3280 310 3331 The
323 3280 396 3331 Prior
426 3276 615 3364 hujusmodi
639 3274 768 3337 litteras
783 3277 911 3337 vestras
933 3271 1040 3357 recepi
1062 3270 1199 3334 auribus
1222 3269 1304 3335 meis
1326 3272 1472 3337 dolenter

254 3354 390 3463 ffiiff‘tffi'
426 3379 575 3445 insonuit
615 3380 733 3440 ventus
771 3394 879 3449 urens,
911 3372 999 3458 quod
1038 3372 1188 3437 omnium
1218 3371 1379 3438 Conditor
1415 3396 1473 3439 vos

255 3480 339 3557 ΑΨ·
427 3482 636 3546 subtrexerat
658 3476 701 3541 ab
734 3474 796 3540 hac
818 3476 898 3539 luce.
945 3473 1145 3539 Benedictus
1177 3474 1323 3541 medicus
1346 3476 1473 3561 quiite

255 3545 401 3675 iiiiii&
426 3590 558 3669 repente
581 3579 790 3645 resuscitavit
820 3578 1021 3641 defunctum.
1066 3576 1188 3641 Adhuc
1209 3582 1311 3663 pater,
1335 3578 1377 3643 de
1398 3578 1471 3644 hos-

256 3679 322 3729 from
335 3678 401 3765 ⁸³⁰¹?
425 3686 477 3751 tili
501 3690 535 3748 et
558 3683 706 3748 violenta
737 3680 910 3745 invasione
932 3679 1027 3766 regni
1051 3677 1184 3765 Angliae
1206 3679 1249 3743 ab
1270 3678 1472 3766 alienigenis,

255 3760 396 3878 {iii'sffi
425 3793 465 3851 ut
495 3786 624 3861 dicitur,
648 3782 856 3861 comminata,
891 3780 1024 3846 videtur
1054 3801 1122 3846 non
1156 3802 1225 3845 esse
1256 3781 1401 3847 multum
1431 3784 1473 3849 ti·

254 3894 338 3993 vagus
426 3887 553 3963 menda,
577 3886 656 3971 quia
688 3905 820 3949 causam
855 3904 923 3947 non
953 3882 1081 3947 hebent
1104 3903 1164 3947 neo
1198 3882 1298 3948 etiarn
1320 3884 1473 3950 animosi·

254 3960 403 4063 ioiiieuii.
426 3995 511 4057 tates
549 3986 762 4075 aggrediendi
807 3985 898 4062 talia,
936 3983 1093 4070 quicquid
1132 3984 1245 4051 dicant
1280 3984 1360 4052 hinc
1396 3986 1473 4053 inde

256 4079 368 4196 iffi,
425 4097 602 4161 currentes.
656 4088 715 4154 Set
748 4108 819 4153 mos
851 4092 903 4152 est
936 4086 1138 4153 Gallicorum
1171 4091 1329 4153 terrorem
1366 4093 1401 4155 et
1432 4092 1473 4156 ti-

257 4162 368 4265 irssers.
426 4217 550 4262 morem
572 4191 778 4279 frequentius
800 4211 914 4277 pugno
934 4188 1011 4254 aliis
1045 4190 1203 4267 incutere,
1226 4211 1325 4275 quam
1346 4191 1472 4279 gladios

426 4300 608 4387 evaginare,
632 4302 666 4361 et
701 4294 804 4381 siquis
826 4294 1002 4358 minimum
1037 4293 1181 4381 digitum
1208 4293 1330 4359 viderit
1359 4318 1473 4362 omen·

425 4408 543 4481 tatum,
596 4398 711 4463 statim
758 4401 859 4483 caput
903 4417 1001 4459 suum
1056 4396 1203 4461 estimat
1255 4402 1472 4483 amputatum.

424 4500 626 4590 Hujusmodi
672 4520 750 4565 vero
792 4497 957 4585 aggressio
995 4496 1170 4584 inopinata
1216 4498 1252 4562 in
1288 4500 1470 4566 maximum

422 4607 552 4674 coderet
573 4602 717 4668 Domino
740 4622 869 4665 summo
892 4598 1047 4665 Pontifici
1070 4600 1284 4685 opprobrium
1306 4608 1343 4666 et
1365 4605 1470 4669 mani·

423 4710 543 4773 festum
575 4709 822 4789 contemptum
855 4703 914 4789 qui
945 4702 1034 4767 inter
1069 4701 1152 4767 duos
1184 4724 1276 4790 reges
1305 4708 1341 4768 et
1362 4727 1470 4793 regna,

423 4810 464 4876 de
486 4806 691 4897 plenitudine
714 4803 897 4891 potestatis,
921 4808 1054 4891 treugas
1078 4802 1226 4884 indixit3
1249 4808 1284 4869 et
1306 4826 1368 4890 pro
1389 4828 1469 4893 pace
