3309 5859
612 866 902 917 circumcisas.
1133 822 1143 845 ⁶
1217 853 1282 922 173

233 1062 387 1149 compleri
410 1066 567 1151 poterunt
589 1064 654 1130 hiis
676 1066 800 1131 diebus
847 1065 898 1131 De
928 1088 1049 1153 magno
1072 1065 1220 1130 exercitu
1242 1066 1280 1129 in

234 1165 385 1250 partibus
418 1166 564 1232 Franciss
598 1174 801 1255 congregato,
825 1168 867 1234 de
890 1190 955 1255 quo
986 1168 1068 1234 mihi
1091 1166 1283 1243 mandastis,

235 1265 338 1331 nichil
359 1288 493 1353 possum
515 1268 687 1355 exquirere
710 1269 843 1335 abillis
869 1272 927 1356 qui
951 1270 1094 1335 veniunt
1116 1269 1157 1335 de
1179 1269 1284 1355 perti·

235 1370 298 1434 bus
320 1370 506 1456 prredictis;
538 1370 672 1438 nec'est
704 1374 884 1439 verisimile
906 1374 996 1459 quod
1027 1394 1168 1459 mugnus
1191 1394 1286 1437 exer·

147 1504 149 1509 ·
236 1472 321 1539 citus
345 1473 455 1539 subito
490 1472 600 1539 valeat
621 1474 761 1541 adunari
795 1476 866 1541 sine
899 1476 1028 1563 magnis
1055 1475 1212 1563 temporis
1235 1475 1286 1539 in-

238 1574 393 1653 tervallis,
408 1584 543 1662 propter
565 1576 673 1642 multa
695 1583 730 1642 et
751 1598 873 1665 magna
895 1578 1130 1678 praeparatoria
1152 1598 1226 1661 quae
1248 1577 1286 1641 in

238 1676 361 1742 talibus
392 1677 616 1763 requiruntur.
677 1678 722 1743 Et
755 1679 852 1745 credo
876 1680 974 1766 quod,
1006 1678 1287 1765 quamdiu'patet

238 1779 390 1844 omnibus
412 1778 490 1845 hinc
513 1785 547 1846 st
578 1780 655 1844 inde
689 1780 773 1845 liber
795 1802 944 1847 accessus
966 1788 1001 1847 et
1031 1802 1184 1858 recessus,
1207 1780 1286 1845 alie·

239 1882 368 1969 nigenae
391 1903 438 1947 se·
455 1882 498 1948 ed
520 1904 613 1947 arma
635 1904 702 1948 non
725 1884 893 1969 parabunt
911 1906 973 1950 nec
1004 1883 1188 1949 exercitum
1210 1904 1286 1949 con-

238 1983 442 2072 gregabunt;
476 1986 533 2049 sed
565 1985 711 2050 defensio
743 1986 906 2052 transitus
937 1987 1016 2053 hinc
1048 1992 1083 2051 st
1113 1986 1192 2051 inde
1223 1985 1288 2051 erit

238 2088 434 2175 praesagium
457 2086 621 2153 adventus
651 2088 804 2175 ipsorum.
863 2088 1012 2176 Populus
1036 2089 1181 2165 Remis,
1203 2110 1287 2175 prae-

239 2190 334 2277 cipue
352 2192 452 2277 juxto
473 2213 572 2269 mere,
588 2190 706 2256 debilis
728 2197 780 2257 est
802 2198 837 2257 et
859 2214 993 2281 pauper,
1009 2198 1044 2259 et
1066 2193 1184 2258 dubito
1198 2192 1288 2277 quod

239 2294 266 2358 si
279 2293 460 2359 exercitum
475 2293 628 2359 navalem
644 2293 790 2360 viderint
805 2294 848 2359 ed
864 2296 1059 2381 campestria
1073 2300 1109 2360 et
1123 2293 1286 2359 silvestria

241 2395 463 2473 declinabunt,
497 2400 531 2463 et
569 2394 667 2460 litore
705 2396 874 2461 maritima
910 2396 1152 2483 potentioribus
1189 2395 1300 2460 relin-.

240 2504 367 2585 quent;
398 2500 476 2584 quia
498 2519 595 2565 nemo
625 2496 758 2563 toruus
781 2496 859 2564 berte
875 2498 972 2585 sarit.
1018 2500 1287 2585 verumptamen,

240 2606 417 2687 antequam
440 2600 521 2665 dicti
543 2600 655 2667 nuntii
678 2599 813 2665 Domini
837 2600 936 2688 Pspse
950 2602 987 2665 in
1009 2600 1167 2688 Angliam
1189 2621 1287 2665 vene-

241 2704 310 2768 rint
348 2710 383 2769 et
419 2702 554 2768 Domini
592 2702 698 2767 nostri
736 2701 837 2789 Regis
875 2724 1066 2789 responsum
1104 2702 1290 2787 receperint

241 2827 339 2892 super
375 2804 562 2891 praemissis,
600 2825 667 2868 non
705 2808 843 2889 oportet,
880 2808 921 2868 ut
966 2804 1107 2883 videtur,
1145 2802 1289 2868 multum

241 2913 389 2985 tremere,
412 2928 475 2972 nec
508 2907 625 2971 timere
657 2905 865 2971 invasionem
895 2906 989 2992 regni
1011 2906 1131 2991 saepius
1154 2905 1288 2971 commi·

241 3018 365 3078 natam.
410 3010 537 3087 Adhuc,
553 3006 616 3075 hec
638 3007 692 3074 die
710 3008 828 3073 Mertis
851 3008 1002 3094 proxima
1025 3007 1161 3093 quidam
1184 3007 1290 3073 domi·

143 3130 149 3141 ’
242 3116 351 3195 celius,
373 3116 431 3203 qui
463 3112 551 3177 dixit
581 3133 616 3176 ss
648 3132 717 3176 esse
750 3132 825 3176 cum
861 3110 990 3177 Gemite
1013 3108 1159 3188 Kaneise,
1193 3111 1287 3175 venit

240 3218 329 3304 apud
352 3214 567 3283 Oantuariam
590 3213 630 3277 de
653 3212 803 3298 partibus
825 3212 1063 3289 transmarinis,
1087 3217 1122 3276 et
1141 3214 1290 3297 portavit

240 3321 383 3387 Domino
406 3316 490 3403 Regi
519 3315 648 3381 litteras
671 3314 752 3379 dicti
776 3313 925 3393 Comitis,
950 3320 990 3379 ut
1013 3313 1162 3379 dicebat:
1194 3314 1290 3397 Quod

241 3422 273 3489 si
297 3422 407 3509 placet
433 3417 500 3485 sibi
533 3438 613 3483 cusu
650 3416 876 3482 weolentio
912 3438 985 3493 stoc,
1008 3423 1039 3480 ct
1067 3414 1142 3481 siue
1168 3416 1291 3503 atiquo

240 3526 362 3613 offenso
387 3519 560 3613 possitis
587 3517 755 3605 Aupltom
780 3518 900 3597 redire,
927 3524 1075 3605 puratos
1098 3524 1143 3583 cst
1167 3519 1290 3597 venire,

240 3630 299 3696 siu
313 3627 413 3705 olias,
429 3621 668 3709 reportabitis
686 3620 848 3708 portibus
862 3620 1021 3687 Francice
1036 3627 1187 3706 tempora
1205 3644 1290 3687 conr-

241 3730 406 3799 mediore.
451 3725 577 3793 Nullus
607 3731 720 3789 tameo
758 3722 1052 3808 confoederationes
1072 3724 1183 3809 societ
1211 3745 1292 3789 cum

241 3835 360 3923 aliquo
374 3829 572 3917 oticoipeoo
594 3834 711 3893 contro
726 3826 919 3892 Dominum
932 3826 1054 3911 Repete
1075 3828 1125 3893 vet
1140 3827 1291 3914 aliquam

241 3939 282 4005 cte
297 3936 378 4014 suis,
401 3940 440 3999 ut
461 3932 557 3998 dixit.
603 3930 776 3996 Praemisss
805 3929 901 3994 vobis
923 3929 1029 3995 scribo
1051 3931 1291 4016 sompniando;

243 4047 278 4108 et
299 4040 382 4106 dicit
403 4037 549 4125 sapiens:

464 4135 633 4225 Sornpnc'o
654 4156 697 4201 oe
719 4156 813 4201 cures

468 4239 560 4325 Quia
576 4236 714 4326 fallunt
731 4236 894 4324 plurimo
912 4235 1038 4324 pheres.

243 4352 347 4417 Istam
381 4344 530 4414 sedulum
562 4343 591 4408 si
622 4341 731 4427 placet
764 4339 826 4404 sub
860 4344 985 4406 secreto
1014 4338 1146 4405 silentio
1179 4344 1291 4405 tenes-

244 4453 296 4519 tis.
343 4450 463 4516 Valeat
499 4452 534 4513 et
566 4446 678 4531 vigeat
711 4446 823 4507 vestra
844 4442 1029 4528 paternitas
1059 4441 1097 4507 in
1130 4445 1292 4529 prosperi·

244 4560 314 4621 tate
345 4552 444 4619 felici.
491 4548 658 4635 Scriptum
693 4544 885 4611 Oantueriaa
907 4544 961 4609 die
985 4543 1100 4609 Sancti
1133 4544 1291 4632 Gregorii.

243 4660 330 4723 Item
354 4652 498 4741 expedit,
519 4654 559 4715 ut
582 4647 725 4724 videtur,
740 4646 893 4713 Dominae
915 4646 1051 4733 Reginae
1073 4653 1109 4712 et
1130 4648 1200 4713 filio
1223 4671 1291 4730 suo,

245 4780 319 4828 cum
358 4753 510 4821 venerint
547 4752 583 4815 in
619 4747 751 4835 Anglia,
789 4754 980 4813 reverenter
1017 4770 1184 4815 occurrere
1222 4771 1290 4816 non
