3309 5859
530 885 825 936 oauruaarnusas.
1160 866 1227 936 257

175 1059 426 1136 Herefordensis
470 1060 644 1146 praedictae,
688 1059 892 1146 provisiones
930 1058 1076 1124 omnium
1114 1059 1226 1127 Eccle-
1239 1083 1393 1133 tionseffee.

174 1161 298 1240 siarum
321 1162 569 1238 cathedralium,
591 1169 673 1227 tunc
708 1161 900 1228 vacantium
924 1169 958 1226 et
992 1169 1224 1227 vacaturarum
1238 1149 1376 1264 ξξᾱξζοξξέ

175 1264 391 1350 imposterum
426 1287 485 1350 per
515 1264 748 1329 translationes
782 1286 839 1349 per
871 1285 930 1328 noa
962 1269 1043 1328 tunc
1069 1265 1225 1349 temporis
1240 1229 1296 1330 salal
1328 1282 1391 1330 'ruis

173 1365 277 1430 factas
300 1372 334 1431 et
357 1389 399 1432 ex
420 1373 502 1432 tunc
523 1366 690 1430 faciendas
717 1365 758 1430 de
780 1365 927 1450 praelatis
951 1387 1062 1429 earum
1085 1365 1128 1430 ad
1143 1365 1225 1430 elias
1238 1347 1385 1464 {ffiffl

176 1467 346 1546 Ecclesias,
383 1475 463 1534 tuno
501 1475 655 1534 vacantes
692 1475 726 1533 et
764 1469 800 1532 in
821 1473 921 1532 antea
954 1474 1134 1546 vacaturas,
1158 1469 1223 1533 dis·
1238 1480 1319 1530 inane

175 1570 332 1656 positioni
366 1576 487 1637 nostrae
520 1572 677 1635 duximus
709 1571 932 1648 reservandas,
955 1571 1155 1636 decernendo
1182 1593 1223 1635 ex
1238 1547 1379 1596 mmm

175 1686 257 1737 tunc
280 1673 413 1738 irritum
447 1681 482 1738 et
513 1675 612 1738 inane
645 1674 673 1736 si
697 1695 790 1738 secus
821 1694 920 1758 super
952 1673 1022 1750 hiis,
1046 1695 1105 1759 per
1127 1693 1222 1758 quos·

174 1797 314 1860 cunque,
353 1776 471 1862 quavis
509 1777 716 1851 auctoritate,
757 1776 898 1840 scienter
935 1775 987 1840 vel
1025 1776 1223 1860 ignoranter,
1254 1855 1255 1858 Ἴ

175 1878 381 1962 contingeret
403 1879 606 1964 attemptari.
664 1878 714 1940 Dc
737 1877 946 1963 praeficiendo
980 1877 1085 1942 eidem
1120 1878 1222 1942 Here-

174 1977 321 2043 fordensi
354 1979 517 2056 Ecclesiae,
551 2001 593 2042 ne
618 1979 753 2064 prolixae
792 1979 974 2044 vacationis
1006 1985 1223 2065 exponeretur

175 2081 399 2158 incommodis,
421 2103 593 2167 personam
617 2081 743 2157 utilem,
760 2102 797 2146 ao
820 2082 918 2146 etiam
943 2079 1151 2158 fructuosam,
1168 2104 1225 2167 per

175 2185 269 2270 cujus
303 2184 500 2249 industriam
534 2183 713 2248 studiosam
750 2184 926 2248 salubriter
958 2190 1067 2270 posset
1101 2185 1169 2270 regi
1193 2190 1227 2249 et

177 2287 284 2372 dirigi,
307 2287 485 2374 gubernari
500 2286 662 2363 'feliciter
685 2309 723 2352 ac
745 2287 875 2350 utiliter
897 2286 1060 2372 adaugeri,
1084 2288 1227 2373 cogitare

175 2390 335 2474 coepimus
359 2376 544 2474 diligenter,
566 2395 601 2453 et
623 2395 699 2474 post
730 2389 1007 2467 deliberationem,
1032 2411 1130 2474 quam
1154 2411 1227 2454 cum

175 2491 297 2556 eisdem
335 2490 497 2556 fratribus
535 2493 657 2554 nostris
694 2512 792 2575 super
823 2489 886 2554 hoc
919 2495 1084 2555 attentam
1107 2490 1227 2555 babere
1283 2543 1285 2546 .

176 2593 375 2672 curavimus,
414 2593 450 2654 in
481 2592 638 2656 dilectum
676 2592 781 2655 filium
815 2591 973 2656 Thomam
1011 2591 1052 2656 de
1094 2591 1228 2657 Charle·

176 2715 246 2773 ton,
269 2695 419 2761 Electum
443 2693 725 2770 Herefordensem,
758 2694 960 2760 Canonieum
984 2694 1228 2772 Eboracensem‚

176 2798 212 2861 in
252 2798 435 2864 sacerdotio
474 2798 702 2872 constitutum,
731 2797 818 2882 juris
856 2797 965 2862 civilis
1003 2797 1227 2883 professorem,

178 2899 287 2964 virum
323 2899 457 2985 quidem
491 2900 604 2984 (prout
634 2921 676 2963 ex
707 2899 908 2963 testimoniis
941 2899 1116 2986 fidedignis
1138 2922 1226 2966 acce-

175 3002 298 3088 pimus)
332 3003 413 3066 vitai
444 3000 610 3066 munditia
644 3000 843 3078 redimitum,
866 3001 1029 3079 decorum,
1062 3003 1227 3090 elegantia

176 3125 301 3168 morum
327 3103 532 3168 discretionis
556 3109 590 3168 et
623 3103 752 3168 consilii
783 3105 979 3170 maturitate
1002 3105 1225 3191 conspicuum,

176 3205 381 3289 aliarumque
412 3204 647 3289 multiplicium
670 3205 836 3269 virtutum
873 3205 984 3269 titulis
1018 3206 1226 3292 insignitum,

176 3306 278 3370 aciem
302 3305 486 3370 direximus
508 3309 631 3368 nostrae
653 3306 784 3382 mentis,
799 3305 922 3391 quibus
937 3305 1091 3370 omnibus
1113 3305 1226 3372 debita

178 3408 397 3473 meditatione
442 3408 596 3494 pensatis,
642 3407 682 3472 de
727 3429 866 3493 persona
910 3408 1055 3494 ejusdem
1093 3409 1225 3476 Thomas

177 3510 282 3576 Electi
315 3510 421 3574 eidem
454 3509 688 3575 Herefordensi
720 3510 883 3586 Ecclesiae,
906 3510 946 3575 de
979 3511 1119 3576 fratrum
1143 3535 1225 3599 prae-

175 3612 338 3678 dictorum
370 3612 513 3688 consilio,
537 3612 736 3676 auctoritate
759 3613 939 3698 apostoliea
971 3614 1127 3679 duximus
1150 3638 1225 3701 pro-

176 3715 377 3794 videndum3
399 3716 573 3800 ipsumque
605 3714 654 3777 illi
686 3715 892 3800 praefecimus
923 3715 958 3779 in
981 3717 1168 3804 episcopum
1192 3726 1225 3784 et

174 3823 350 3902 pastorem,
365 3838 476 3882 curam
501 3821 535 3880 et
550 3816 870 3882 administrationem
893 3817 984 3882 illius
1007 3819 1083 3897 sibi,
1096 3826 1166 3885 tam
1188 3821 1225 3884 in

175 3920 404 4005 spiritualibus
427 3941 527 4004 quam
561 3919 597 3981 in
629 3920 873 4005 temporalibus
899 3919 1043 4005 plenarie
1074 3923 1223 3987 commit-

176 4027 297 4107 tendo;
318 4028 354 4091 iu
378 4047 416 4092 eo
439 4047 461 4090 a
476 4046 541 4110 quo
564 4025 792 4090 universorum
807 4027 1020 4092 carismatum
1037 4028 1123 4094 dona
1146 4048 1222 4114 pro-

176 4132 318 4196 veniunt
339 4129 549 4205 confidentea,
579 4129 667 4213 quod
702 4129 859 4213 praedicta
891 4129 1034 4194 Ecclesia
1068 4129 1223 4194 Hereior-
1286 4119 1292 4136 ⁸

176 4233 297 4308 densis,
318 4255 377 4319 per
398 4232 502 4317 ipsius
518 4232 622 4296 Eleeti
638 4231 820 4316 diligentiae
843 4231 991 4295 studium
1007 4230 1222 4309 fructuosum,

176 4335 350 4400 clementia
387 4334 450 4397 sibi
488 4332 672 4417 opitulante
710 4332 833 4409 divina,
872 4333 986 4397 votiva
1021 4333 1151 4398 honoris
1189 4339 1223 4398 et

176 4435 336 4500 commodi
359 4435 515 4520 suscipiat
537 4434 745 4498 incrementa.
791 4433 841 4498 Ut
857 4434 958 4518 igitur
979 4434 1067 4499 idem
1084 4434 1222 4511 Electus,

176 4540 213 4601 in
227 4538 397 4603 commisso
421 4534 586 4621 praedictae
605 4534 854 4601 Herefordensis
871 4536 1022 4600 Ecclesiae
1049 4537 1112 4601 sibi
1138 4539 1222 4623 regi-

177 4638 290 4717 mine,l
303 4638 431 4705 facilius
446 4639 600 4724 proficere
616 4637 726 4702 valeat
740 4643 819 4702 tuus
834 4637 927 4704 favor
941 4638 1047 4703 eidem
1063 4639 1133 4704 fore
1148 4661 1221 4704 nos--

214 4787 293 4837 ¹‘l'he
310 4795 365 4836 text
387 4786 417 4834 ol
432 4786 477 4833 the
498 4785 553 4835 MS.
575 4783 597 4832 ia
616 4799 678 4846 very
723 4784 807 4833 rected
827 4783 891 4832 from
908 4785 974 4848 Abp.
993 4785 1110 4836 Parlrar’s
1125 4787 1222 4836 lives-

179 4873 282 4929 corrupt
292 4872 320 4914 at
330 4864 454 4928 thlipsen,
465 4866 516 4913 and
524 4865 546 4912 is
555 4864 614 4912 here
625 4878 679 4912 cor·
721 4864 866 4927 Meopham.
902 4863 996 4927 (lond.
1011 4865 1096 4926 1729.)

269 4969 296 5018 U
326 4973 420 5018 areas.
1064 4962 1088 5008 R
