3309 5859
533 955 824 1009 eaurulrunusrs.
1140 944 1203 1016 371

127 1147 279 1230 occidit,
302 1168 490 1235 superque
512 1148 693 1215 homicidio
715 1150 846 1237 placeat
869 1149 965 1215 vobis
996 1151 1204 1218 committere

128 1251 250 1317 michi
280 1257 481 1339 potestatem
514 1252 711 1319 absolvendi
741 1253 935 1339 praedictam
967 1254 1150 1333 mulierem,
1174 1256 1203 1321 si

129 1356 254 1441 ipsam
292 1355 428 1423 valuero
459 1356 614 1425 iuducere
649 1358 693 1423 ad
723 1357 858 1435 hoaut
890 1357 964 1444 ipsa
994 1358 1080 1424 velit
1104 1360 1210 1454 miclqi

130 1460 345 1545 praedictum
383 1465 555 1547 peccatum
593 1482 692 1525 suum
730 1460 890 1527 confiteri.
937 1461 1013 1526 Hiis
1052 1462 1202 1548 precibus
1234 1466 1238 1473 '

133 1561 228 1627 meis
263 1562 447 1649 dignemini
477 1585 573 1630 aures
607 1569 735 1630 vestras
767 1562 998 1629 favorabiliter
1029 1566 1202 1652 apperire3

133 1664 392 1730 considerantes
414 1665 510 1751 quod,
533 1667 577 1733 ad
608 1687 648 1731 ea
680 1687 756 1751 quae
778 1665 902 1731 cedunt
925 1665 961 1730 in
984 1674 1200 1753 augmentum
1309 1686 1312 1691 “

135 1766 256 1831 cultus
288 1767 396 1832 divini
429 1768 543 1834 devoti
580 1769 694 1834 fideles
731 1789 827 1834 aures
866 1768 1054 1855 opperiunt,
1090 1770 1200 1836 oculos

137 1868 307 1955 dirigunt,
344 1874 472 1936 mentes
509 1872 650 1958 erigunt,
690 1880 724 1935 et
761 1891 880 1935 manus
917 1892 993 1935 suas
1030 1876 1201 1957 gratanter

137 1970 328 2058 porrigunt,
351 1994 390 2039 ac
411 1973 593 2039 liberaliter
615 1974 760 2039 offerunt
781 1994 816 2037 se
839 1977 873 2038 et
896 1994 964 2050 sua,
988 1975 1027 2037 ut
1049 1974 1096 2039 sic
1127 1995 1201 2059 pro

138 2072 281 2158 pentius
302 2074 457 2160 placeant
479 2075 628 2139 omniurn
651 2074 834 2141 Conditori.
880 2074 1000 2140 Valeat
1031 2079 1066 2140 et
1088 2075 1200 2161 rigeat

139 2180 255 2242 vestra
277 2177 458 2243 reverenda
478 2178 660 2264 paternitas
682 2178 719 2241 in
735 2178 954 2265 prosperitate
969 2178 1065 2245 felici.
1111 2176 1200 2245 Data

140 2280 223 2365 xiij⁰
246 2279 301 2348 die
322 2280 416 2359 Julii,
438 2302 525 2347 anno
548 2280 625 2347 Dni.
651 2294 894 2347 u0ccc⁰xxxu⁰

272 2575 584 2645 360.--Oouu1ss1o
607 2576 754 2640 Baium
776 2590 824 2640 nr
848 2574 939 2640 Essr
961 2573 1069 2642 Krur.
1253 2590 1324 2708 ,³35⁰

192 2742 307 2810 Pateat
341 2742 515 2819 universis,
537 2747 597 2807 etc.
621 2740 710 2827 quod
744 2762 804 2806 nos
839 2740 877 2805 R.
901 2741 1115 2828 permissione
1146 2743 1196 2809 di·
1209 2790 1238 2842 L·
1253 2792 1266 2843 ⁷
1276 2790 1301 2841 b·

145 2846 225 2910 vina
247 2846 353 2923 Prior,
369 2850 429 2913 etc.
452 2845 593 2911 facimus
616 2850 651 2909 et
673 2844 907 2909 constituimus
928 2843 1085 2911 dilectum
1100 2846 1197 2911 nobis
1303 2918 1309 2929 ,

145 2949 183 3014 in
219 2948 303 3037 Xpo.
326 2950 365 3014 A.
391 2949 431 3016 de
470 2950 507 3014 B.
539 2947 703 3013 ballivum
735 2953 770 3013 et
802 2952 1011 3013 attoruatum
1045 2954 1196 3015 nostrum
1209 2919 1356 3036 fissffffffi,

147 3053 318 3138 specialem
340 3054 377 3118 in
393 3050 554 3118 Custodia
577 3052 667 3117 dicta
690 3052 730 3116 de
754 3050 836 3116 Eost
859 3051 951 3116 Kent
974 3051 1010 3115 in
1032 3053 1194 3137 comitatu
1207 3051 1367 3103 officialum

148 3156 291 3235 Kanciae,
306 3156 350 3222 ad
372 3156 482 3221 curias
504 3166 634 3221 nostras
650 3153 810 3219 tenendas
833 3154 870 3218 in
893 3154 1050 3220 maneriis
1073 3120 1338 3237 nostrislffi‘l

149 3258 186 3324 in
206 3259 365 3325 Custodia
386 3259 553 3346 praedicta,
589 3257 689 3322 etad
721 3256 1003 3343 supervidendum
1039 3258 1080 3323 in⁴
1098 3257 1195 3325 dictis
1208 3255 1366 3369 anqqquants

149 3362 299 3429 maneriis
321 3362 453 3438 nostris,
468 3362 497 3426 si
520 3382 604 3448 opus
626 3359 737 3437 fuerit,
753 3360 865 3425 omnia
892 3360 1069 3448 waynagia
1091 3328 1323 3437 terra-iimti„

148 3490 219 3533 rum
248 3471 444 3543 nostrarum,
475 3470 580 3551 prata,
603 3484 725 3551 pascua
756 3469 790 3529 et
823 3468 985 3550 pasturas,
1016 3464 1138 3547 boscos,
1162 3452 1334 3532 eqbenuror

150 3570 256 3635 omnia
276 3569 343 3634 alia
365 3568 409 3634 ad
431 3567 591 3654 praedicta
613 3566 762 3631 maneria
784 3571 900 3633 nostra
923 3568 1135 3653 pertinentia,
1157 3520 1328 3637 aelliitcdl'

151 3674 244 3740 etiam
268 3694 380 3738 omnes
404 3670 587 3737 servientes
604 3674 638 3735 et
660 3669 831 3735 ministros
854 3675 1007 3752 nostros;
1028 3676 1062 3736 et
1085 3652 1322 3772 ⁰mni⁰¹gii¹⁸rdn

145 3778 218 3864 jura
245 3780 279 3842 et
311 3776 481 3842 libertates
513 3779 655 3850 nostras,
677 3793 739 3837 nos
769 3776 805 3839 et
826 3772 1006 3839 Ecclesiam
1039 3781 1195 3854 nostram,
1258 3824 1261 3832 -

152 3880 303 3957 homines,
325 3883 360 3943 et
399 3882 551 3943 tenentes
596 3877 727 3941 nostros
761 3874 1034 3961 qualitercunque
1067 3880 1195 3943 contin-

151 3983 258 4069 gentia
279 3983 316 4047 in
332 3980 492 4048 Custodia
514 3978 684 4065 praedicta,
707 3976 898 4063 petendum,
922 3981 1196 4059 conservandum,

153 4084 396 4161 defendendum,
418 4088 454 4148 et
483 4080 777 4158 manutenendum,
800 4078 997 4166 ubieunque,
1021 4087 1056 4147 et
1086 4104 1195 4149 coram

153 4186 395 4273 quibuscunque
432 4182 596 4248 ministris
642 4180 779 4247 Domini
818 4180 920 4267 Regis
958 4180 1012 4247 vel
1051 4183 1194 4251 aliorum

152 4309 420 4377 quorumcunque.
465 4286 628 4351 Volumus
662 4291 696 4350 et
732 4284 930 4350 mandamus
963 4286 1050 4370 quod
1081 4308 1194 4355 omnes

151 4392 296 4474 ministri,
318 4390 478 4468 homines,
500 4396 535 4455 et
556 4394 708 4455 tenentes
731 4388 846 4464 nostri,
868 4387 904 4452 in
929 4385 1088 4456 Custodia
1110 4413 1194 4477 prae-

152 4499 240 4577 dicta,
261 4497 298 4562 in
322 4495 476 4562 omnibus
508 4514 584 4578 quae
616 4492 660 4557 ad
691 4512 751 4556 nos
784 4493 819 4554 et
842 4486 1021 4557 Ecclesiam
1044 4498 1192 4557 nostram

152 4601 333 4688 predictam
367 4619 465 4685 super
499 4594 679 4683 praemissis
712 4592 895 4680 pertinent,
917 4591 1059 4677 prefato
1086 4595 1126 4661 A.
1150 4595 1191 4661 de

154 4706 186 4769 B.
207 4706 270 4769 sint
300 4700 536 4790 respondentes
568 4704 604 4765 et
634 4697 855 4777 intendentes,
879 4695 929 4761 ita
960 4700 1081 4775 tamen,
1102 4700 1191 4784 quod

153 4808 229 4874 nulli
258 4807 365 4883 liceat,
399 4804 462 4869 sub
494 4822 690 4890 quocunque
723 4798 838 4877 colore,
860 4797 987 4883 aliquid
1023 4798 1063 4863 de
1086 4800 1192 4866 boscis

153 4910 261 4978 nostris
299 4912 506 4995 prosternere
538 4904 593 4970 vel
625 4902 803 4979 succidere,
824 4900 950 4986 absque
987 4902 1125 4968 consilio
1158 4910 1193 4969 et

951 5004 1056 5067 ns2
