3309 5859
445 856 487 921 94
885 876 1026 925 ermon.

268 1042 585 1158 ffssgssifftssiffllsswffl
610 1056 644 1119 iu
670 1056 718 1121 Eo
741 1058 797 1143 qui
834 1067 885 1124 est
907 1061 1055 1124 omniurn
1078 1061 1168 1124 sulus
1192 1082 1278 1126 vers
1327 1062 1491 1125 Mittimus

269 1162 416 1250 rue.ueu-‘
447 1153 538 1219 vohis
571 1158 826 1242 inquisitionem,
861 1160 901 1226 de
934 1162 1091 1227 urendeto
1124 1162 1207 1228 dicti
1246 1165 1353 1249 petris
1390 1186 1491 1249 nuper

269 1241 360 1355 mi
373 1242 412 1289 ‘⁰¹‘
445 1266 576 1343 captam
586 1283 695 1327 eoram
714 1262 854 1329 officiali
870 1264 1103 1331 Archidieconi
1119 1267 1383 1345 Cantueriernsis,
1397 1289 1491 1353 super

444 1362 544 1425 variis
568 1362 705 1447 injuriis,
730 1368 984 1453 contemptibus,
1006 1385 1041 1433 et
1064 1368 1390 1454 transgressionibus,
1406 1369 1490 1434 dicto

442 1464 575 1529 domino
599 1480 711 1532 nostro
735 1468 968 1535 Ceutuerionsi
991 1477 1026 1535 et
1050 1470 1203 1537 Ecclesim
1227 1494 1296 1537 sure
1314 1473 1492 1539 Cautueri·

440 1566 510 1631 ensi
533 1589 593 1653 per
614 1569 801 1634 Johenucm
838 1571 878 1636 de
911 1572 1025 1636 Lewes
1058 1571 1171 1637 illatis.
1217 1572 1304 1637 Item
1328 1574 1489 1638 mittimus

441 1668 534 1733 vobis
559 1678 705 1735 vestrum
728 1672 906 1738 articulum
929 1674 1149 1759 praesentibus
1173 1674 1390 1741 interclusum
1406 1676 1490 1741 dicto

440 1770 586 1837 Johenni
626 1774 856 1859 objiciendum,
902 1798 1000 1863 super·
1046 1799 1111 1861 quo
1149 1776 1329 1865 diligenter
1368 1781 1488 1843 essuri-

441 1880 546 1939 netur.

486 1977 530 2040 Et
552 1978 580 2041 si
604 1976 793 2063 hujusmodi
817 1978 996 2045 articulum
1020 1982 1202 2067 negaverit,
1219 1982 1420 2067 subjicietur
1441 1984 1489 2047 in·

441 2078 622 2163 quisitioni,
645 2086 679 2143 et
702 2080 866 2144 credimus
889 2082 977 2165 quod
1000 2104 1059 2168 per
1082 2088 1184 2147 testes
1219 2082 1386 2169 legitimos
1416 2108 1488 2150 con·

442 2182 602 2246 vineetur.
652 2182 759 2267 Super
782 2183 961 2268 prremissis
983 2184 1144 2270 punietur
1161 2185 1264 2270 juxte
1284 2188 1365 2252 fecti
1389 2188 1489 2273 quaii-

440 2288 552 2361 tatem,
587 2306 661 2350 curu
694 2284 905 2350 restitutione
940 2284 1149 2367 oblatorum3
1179 2287 1230 2351 its
1267 2290 1357 2374 quod
1395 2312 1491 2376 poeus

436 2410 496 2453 sue
519 2387 613 2452 cedet
636 2387 710 2452 eliis
734 2387 897 2453 malivolis
921 2388 956 2452 in
980 2394 1146 2455 terrorem.
1193 2390 1319 2467 Valete,
1342 2397 1401 2459 etc

289 2704 389 2765 pseu
442 2692 756 2759 {ih-Rumonem
803 2706 934 2754 nouuu
977 2690 1150 2755 Wruuusu
1199 2707 1244 2755 oe
1282 2691 1491 2761 vetuisses,

310 2772 396 2829 ¹³²³)
533 2810 639 2859 esum
664 2810 800 2857 uouruo
826 2792 992 2857 Heusrco
1016 2808 1142 2857 rerem
1166 2810 1242 2869 suo,
1262 2809 1310 2857 ue
1333 2809 1494 2857 nounero

267 2906 296 2961 n.
312 2910 358 2956 124
371 2924 395 2957 a.
531 2895 711 2960 Jousums
733 2910 779 2959 ns
803 2894 1068 2959 ernsurseu.

268 3073 423 3126 wamisde
488 3061 659 3136 Omnibus
683 3060 734 3125 dre.
771 3060 856 3125 oum
884 3079 990 3145 nuper
1025 3057 1224 3146 subreptieie
1258 3058 1401 3144 ceperim
1435 3058 1488 3124 ho

267 3140 417 3274 mpure,
443 3164 586 3249 mergium
612 3170 646 3227 et
668 3161 842 3227 servicium
866 3158 1032 3224 Johennis
1055 3160 1116 3225 filii
1141 3160 1278 3227 Roberti
1302 3160 1343 3225 de
1367 3160 1493 3225 Betles·

268 3274 371 3323 fraudu·
395 3300 408 3328 ο
441 3264 555 3351 hange,
580 3286 637 3351 pro
661 3264 757 3328 terris
781 3270 816 3328 et
832 3261 1033 3327 tenementis
1048 3284 1123 3348 quse
1148 3262 1325 3348 praedictus
1349 3262 1381 3327 J.
1400 3268 1493 3326 tenet

266 3340 428 3457 Ιοξῖῗέἀζζηῃ
441 3368 482 3432 de
516 3368 661 3433 manerio
699 3366 740 3430 de
781 3365 922 3449 Repton,
956 3386 1030 3449 quin
1063 3365 1196 3449 quidem
1232 3364 1424 3451 homagium
1457 3372 1492 3429 et

266 3476 428 3525 noceantne
441 3470 615 3535 servicium
651 3492 739 3534 mero
767 3468 843 3552 jure
876 3466 1048 3552 pertinent
1082 3468 1124 3532 od
1157 3468 1339 3532 Dominum
1374 3468 1417 3532 H.
1450 3468 1492 3532 dc

267 3538 415 3657 ffigssss'f
445 3572 638 3659 Veioygnes,
677 3571 804 3636 mtionc
853 3568 1024 3655 cujusdem
1073 3569 1276 3635 seoffementi
1339 3570 1491 3656 praedicti

265 3670 359 3749 longer
372 3682 398 3721 ²0
444 3675 582 3741 manerii
606 3675 646 3740 de
671 3674 810 3759 Reptou,
834 3672 924 3757 quod
959 3671 1114 3737 dominus
1138 3672 1283 3737 Werres'
1318 3673 1360 3737 de
1384 3674 1494 3739 Velei-

267 3739 430 3857 iiiissffl'
443 3801 535 3864 gnos,
551 3784 646 3863 peter
661 3798 765 3855 meus,
781 3776 861 3841 feeit
876 3775 1037 3860 praedicto
1052 3776 1196 3840 Domino
1220 3775 1277 3853 Η.,
1292 3777 1388 3842 fratri
1412 3799 1496 3854 meo,

265 3873 431 4005 zlllefflg
443 3880 588 3945 habendi
622 3886 657 3945 et
680 3878 816 3944 tenendi
849 3876 914 3941 sibi
947 3881 982 3942 et
1014 3876 1192 3942 heredibus
1226 3878 1297 3942 suis
1330 3880 1493 3965 imperpe-

266 4006 420 4058 endserviee
442 3994 559 4066 tuum3
594 3986 707 4051 uolens
739 3982 898 4069 praedicto
936 3983 1080 4047 Domino
1114 3982 1157 4047 H.
1194 3983 1230 4047 iu
1261 3983 1375 4070 aliquo
1409 4008 1494 4071 prve-

266 4072 354 4189 {¹5¹¹}th
437 4090 596 4173 judicare,
630 4086 780 4161 concessi,
805 4085 926 4163 remisi,
950 4091 984 4149 ct
1017 4084 1272 4171 imperpetuum,
1295 4108 1355 4171 pro
1386 4095 1495 4153 meet

356 4176 362 4189 ’
440 4192 618 4257 heredibus
656 4190 744 4267 meis,
785 4188 935 4274 quietum
975 4186 1125 4265 clamavi,
1157 4186 1317 4273 prsedicto
1352 4188 1494 4254 Domino

442 4294 495 4374 H,
511 4292 688 4359 heredibus
712 4298 746 4357 et
769 4290 947 4376 essignetis
970 4289 1048 4367 suis,
1071 4294 1180 4353 totum
1200 4290 1257 4374 jus
1280 4297 1316 4354 ct
1338 4290 1496 4356 clemiurn

439 4396 527 4481 quod
550 4394 662 4473 hebui,
684 4415 742 4457 seu
766 4390 982 4477 quovismodo
1004 4390 1125 4456 habere
1149 4391 1242 4477 potui
1268 4391 1320 4457 vel
1344 4400 1494 4479 potuero,

439 4504 474 4563 in
497 4498 664 4585 prmdietis
687 4496 841 4582 homagio
864 4502 898 4561 et
921 4495 1059 4561 servicio
1083 4494 1274 4581 hujusmodi
1297 4498 1495 4585 surreptieic

439 4600 587 4686 receptis.
634 4598 689 4663 Ite
727 4598 883 4663 videlieet
922 4598 1011 4684 quod
1050 4621 1110 4685 ego
1143 4599 1321 4683 prredictus
1345 4600 1408 4677 W,
1434 4624 1497 4667 nec

438 4708 572 4773 heredes
611 4706 685 4785 urei,
709 4727 769 4770 nco
806 4705 926 4791 aliquis
964 4706 1095 4769 nomine
1135 4728 1218 4781 meo,
1251 4706 1287 4770 in
1320 4709 1490 4793 praedictis

435 4812 589 4896 homagio
613 4818 647 4875 ct
670 4808 809 4874 servicio
843 4808 969 4892 aliquid
1001 4808 1097 4891 juris,
1133 4808 1253 4884 clamii,
1278 4813 1497 4897 proprietatis
