<?xml version="1.0" encoding="UTF-8"?>
<!DOCTYPE html PUBLIC "-//W3C//DTD XHTML 1.0 Transitional//EN"
    "http://www.w3.org/TR/xhtml1/DTD/xhtml1-transitional.dtd">
<html xmlns="http://www.w3.org/1999/xhtml" xml:lang="en" lang="en">
 <head>
  <title>
</title>
<meta http-equiv="Content-Type" content="text/html;charset=utf-8" />
  <meta name='ocr-system' content='tesseract 3.04.00' />
  <meta name='ocr-capabilities' content='ocr_page ocr_carea ocr_par ocr_line ocrx_word'/>
</head>
<body>
  <div class='ocr_page' id='page_1' title='image "./literaecantuari01shepgoog_0434.png"; bbox 0 0 3309 5859; ppageno 0'>
   <div class='ocr_carea' id='block_1_1' title="bbox 558 913 1228 978">
    <p class='ocr_par' dir='ltr' id='par_1_1' title="bbox 558 913 1228 978">
     <span class='ocr_line' id='line_1_1' title="bbox 558 913 1228 978; baseline -0.003 -1"><span class='ocrx_word' id='word_1_1' title='bbox 558 925 847 978; x_wconf 74' lang='lat' dir='ltr'><strong>ornruamansrs</strong></span> <span class='ocrx_word' id='word_1_2' title='bbox 1166 913 1228 976; x_wconf 85' lang='grc'><strong>331</strong></span> 
     </span>
    </p>
   </div>
   <div class='ocr_carea' id='block_1_2' title="bbox 174 1113 1391 4797">
    <p class='ocr_par' dir='ltr' id='par_1_2' title="bbox 174 1113 1342 3131">
     <span class='ocr_line' id='line_1_2' title="bbox 174 1113 1230 1203; baseline -0.004 -21"><span class='ocrx_word' id='word_1_3' title='bbox 174 1121 284 1194; x_wconf 88' lang='lat' dir='ltr'><strong>tuum,</strong></span> <span class='ocrx_word' id='word_1_4' title='bbox 310 1113 511 1192; x_wconf 76' lang='lat' dir='ltr'><strong>reddituum,</strong></span> <span class='ocrx_word' id='word_1_5' title='bbox 535 1119 570 1182; x_wconf 88' lang='lat' dir='ltr'><strong>et</strong></span> <span class='ocrx_word' id='word_1_6' title='bbox 592 1123 815 1203; x_wconf 73' lang='lat' dir='ltr'><strong>proventuum</strong></span> <span class='ocrx_word' id='word_1_7' title='bbox 838 1113 1143 1190; x_wconf 65' lang='lat' dir='ltr'><strong>aeclesiasticorum,</strong></span> <span class='ocrx_word' id='word_1_8' title='bbox 1158 1136 1230 1179; x_wconf 86' lang='lat' dir='ltr'><strong>ves-</strong></span> 
     </span>
     <span class='ocr_line' id='line_1_3' title="bbox 175 1215 1231 1302; baseline -0.005 -16"><span class='ocrx_word' id='word_1_9' title='bbox 175 1225 306 1286; x_wconf 88' lang='lat' dir='ltr'><strong>trorum</strong></span> <span class='ocrx_word' id='word_1_10' title='bbox 329 1223 364 1284; x_wconf 90' lang='lat' dir='ltr'><strong>et</strong></span> <span class='ocrx_word' id='word_1_11' title='bbox 385 1239 529 1297; x_wconf 86' lang='lat' dir='ltr'><strong>suorum,</strong></span> <span class='ocrx_word' id='word_1_12' title='bbox 545 1218 672 1284; x_wconf 88' lang='lat' dir='ltr'><strong>solvere</strong></span> <span class='ocrx_word' id='word_1_13' title='bbox 695 1217 867 1284; x_wconf 87' lang='lat' dir='ltr'><strong>debebatis</strong></span> <span class='ocrx_word' id='word_1_14' title='bbox 891 1221 927 1282; x_wconf 89' lang='lat' dir='ltr'><strong>et</strong></span> <span class='ocrx_word' id='word_1_15' title='bbox 942 1215 1116 1292; x_wconf 85' lang='lat' dir='ltr'><strong>debebant,</strong></span> <span class='ocrx_word' id='word_1_16' title='bbox 1131 1220 1231 1302; x_wconf 90' lang='lat' dir='ltr'><strong>prout</strong></span> 
     </span>
     <span class='ocr_line' id='line_1_4' title="bbox 175 1311 1342 1408; baseline 0 -22"><span class='ocrx_word' id='word_1_17' title='bbox 175 1323 216 1386; x_wconf 90' lang='lat' dir='ltr'><strong>in</strong></span> <span class='ocrx_word' id='word_1_18' title='bbox 237 1321 436 1408; x_wconf 85' lang='lat' dir='ltr'><strong>supradictis</strong></span> <span class='ocrx_word' id='word_1_19' title='bbox 468 1321 589 1388; x_wconf 87' lang='lat' dir='ltr'><strong>littaris</strong></span> <span class='ocrx_word' id='word_1_20' title='bbox 622 1321 810 1408; x_wconf 85' lang='lat' dir='ltr'><strong>apostolicis</strong></span> <span class='ocrx_word' id='word_1_21' title='bbox 845 1319 1042 1397; x_wconf 88' lang='lat' dir='ltr'><strong>continetur,</strong></span> <span class='ocrx_word' id='word_1_22' title='bbox 1066 1319 1170 1399; x_wconf 88' lang='lat' dir='ltr'><strong>vobis,</strong></span> <span class='ocrx_word' id='word_1_23' title='bbox 1192 1341 1231 1386; x_wconf 88' lang='lat' dir='ltr'><strong>ac</strong></span> <span class='ocrx_word' id='word_1_24' title='bbox 1335 1311 1342 1321; x_wconf 51' lang='lat'><em>⁶</em></span> 
     </span>
     <span class='ocr_line' id='line_1_5' title="bbox 175 1422 1231 1511; baseline -0.002 -21"><span class='ocrx_word' id='word_1_25' title='bbox 175 1430 327 1490; x_wconf 85' lang='lat' dir='ltr'><strong>vestrum</strong></span> <span class='ocrx_word' id='word_1_26' title='bbox 361 1425 507 1502; x_wconf 88' lang='lat' dir='ltr'><strong>cuilibet,</strong></span> <span class='ocrx_word' id='word_1_27' title='bbox 541 1445 579 1490; x_wconf 90' lang='lat' dir='ltr'><strong>ac</strong></span> <span class='ocrx_word' id='word_1_28' title='bbox 628 1425 709 1510; x_wconf 88' lang='lat' dir='ltr'><strong>ipsis</strong></span> <span class='ocrx_word' id='word_1_29' title='bbox 743 1424 892 1511; x_wconf 88' lang='lat' dir='ltr'><strong>personia</strong></span> <span class='ocrx_word' id='word_1_30' title='bbox 926 1422 1154 1488; x_wconf 87' lang='lat' dir='ltr'><strong>ecclesiasticis</strong></span> <span class='ocrx_word' id='word_1_31' title='bbox 1197 1429 1231 1488; x_wconf 89' lang='lat' dir='ltr'><strong>et</strong></span> 
     </span>
     <span class='ocr_line' id='line_1_6' title="bbox 177 1524 1231 1614; baseline -0.003 -21"><span class='ocrx_word' id='word_1_32' title='bbox 177 1547 293 1593; x_wconf 84' lang='lat' dir='ltr'><strong>earum</strong></span> <span class='ocrx_word' id='word_1_33' title='bbox 316 1527 465 1614; x_wconf 80' lang='lat' dir='ltr'><strong>cingulis,</strong></span> <span class='ocrx_word' id='word_1_34' title='bbox 488 1528 669 1594; x_wconf 88' lang='lat' dir='ltr'><strong>secundum</strong></span> <span class='ocrx_word' id='word_1_35' title='bbox 693 1526 834 1592; x_wconf 87' lang='lat' dir='ltr'><strong>formam</strong></span> <span class='ocrx_word' id='word_1_36' title='bbox 866 1531 900 1590; x_wconf 91' lang='lat' dir='ltr'><strong>et</strong></span> <span class='ocrx_word' id='word_1_37' title='bbox 933 1531 1081 1590; x_wconf 88' lang='lat' dir='ltr'><strong>tenorem</strong></span> <span class='ocrx_word' id='word_1_38' title='bbox 1103 1524 1231 1590; x_wconf 82' lang='lat' dir='ltr'><strong>littora-</strong></span> 
     </span>
     <span class='ocr_line' id='line_1_7' title="bbox 176 1627 1229 1716; baseline -0.002 -22"><span class='ocrx_word' id='word_1_39' title='bbox 176 1651 253 1694; x_wconf 89' lang='lat' dir='ltr'><strong>rum</strong></span> <span class='ocrx_word' id='word_1_40' title='bbox 276 1629 531 1716; x_wconf 89' lang='lat' dir='ltr'><strong>apostolicarum</strong></span> <span class='ocrx_word' id='word_1_41' title='bbox 554 1630 795 1716; x_wconf 82' lang='lat' dir='ltr'><strong>praedictarum,</strong></span> <span class='ocrx_word' id='word_1_42' title='bbox 812 1649 917 1714; x_wconf 87' lang='lat' dir='ltr'><strong>usqne</strong></span> <span class='ocrx_word' id='word_1_43' title='bbox 939 1627 983 1692; x_wconf 84' lang='lat' dir='ltr'><strong>ad</strong></span> <span class='ocrx_word' id='word_1_44' title='bbox 1016 1628 1145 1692; x_wconf 86' lang='lat' dir='ltr'><strong>instans</strong></span> <span class='ocrx_word' id='word_1_45' title='bbox 1168 1627 1229 1692; x_wconf 85' lang='lat' dir='ltr'><strong>fas·</strong></span> 
     </span>
     <span class='ocr_line' id='line_1_8' title="bbox 176 1729 1230 1818; baseline -0.004 -21"><span class='ocrx_word' id='word_1_46' title='bbox 176 1737 253 1797; x_wconf 90' lang='lat' dir='ltr'><strong>tum</strong></span> <span class='ocrx_word' id='word_1_47' title='bbox 283 1731 381 1798; x_wconf 87' lang='lat' dir='ltr'><strong>Beati</strong></span> <span class='ocrx_word' id='word_1_48' title='bbox 411 1731 581 1798; x_wconf 80' lang='lat' dir='ltr'><strong>Michaelis</strong></span> <span class='ocrx_word' id='word_1_49' title='bbox 612 1731 821 1818; x_wconf 79' lang='lat' dir='ltr'><strong>Archangeli,</strong></span> <span class='ocrx_word' id='word_1_50' title='bbox 853 1736 968 1796; x_wconf 88' lang='lat' dir='ltr'><strong>tenore</strong></span> <span class='ocrx_word' id='word_1_51' title='bbox 1004 1729 1230 1815; x_wconf 84' lang='lat' dir='ltr'><strong>praesentium,</strong></span> 
     </span>
     <span class='ocr_line' id='line_1_9' title="bbox 177 1832 1232 1923; baseline -0.003 -24"><span class='ocrx_word' id='word_1_52' title='bbox 177 1855 400 1923; x_wconf 86' lang='lat' dir='ltr'><strong>prorogamus.</strong></span> <span class='ocrx_word' id='word_1_53' title='bbox 447 1835 503 1901; x_wconf 89' lang='lat' dir='ltr'><strong>Ita</strong></span> <span class='ocrx_word' id='word_1_54' title='bbox 524 1839 648 1914; x_wconf 86' lang='lat' dir='ltr'><strong>tamen,</strong></span> <span class='ocrx_word' id='word_1_55' title='bbox 663 1836 751 1922; x_wconf 90' lang='lat' dir='ltr'><strong>quod</strong></span> <span class='ocrx_word' id='word_1_56' title='bbox 774 1834 862 1900; x_wconf 86' lang='lat' dir='ltr'><strong>infra</strong></span> <span class='ocrx_word' id='word_1_57' title='bbox 884 1834 1010 1899; x_wconf 88' lang='lat' dir='ltr'><strong>dictum</strong></span> <span class='ocrx_word' id='word_1_58' title='bbox 1042 1832 1232 1911; x_wconf 87' lang='lat' dir='ltr'><strong>terminum,</strong></span> 
     </span>
     <span class='ocr_line' id='line_1_10' title="bbox 177 1933 1232 2022; baseline -0.004 -20"><span class='ocrx_word' id='word_1_59' title='bbox 177 1958 237 2002; x_wconf 85' lang='lat' dir='ltr'><strong>seu</strong></span> <span class='ocrx_word' id='word_1_60' title='bbox 259 1938 296 2001; x_wconf 88' lang='lat' dir='ltr'><strong>in</strong></span> <span class='ocrx_word' id='word_1_61' title='bbox 318 1937 406 2003; x_wconf 87' lang='lat' dir='ltr'><strong>dicto</strong></span> <span class='ocrx_word' id='word_1_62' title='bbox 429 1937 572 2004; x_wconf 87' lang='lat' dir='ltr'><strong>termino</strong></span> <span class='ocrx_word' id='word_1_63' title='bbox 606 1937 684 2004; x_wconf 86' lang='lat' dir='ltr'><strong>festi</strong></span> <span class='ocrx_word' id='word_1_64' title='bbox 706 1938 804 2002; x_wconf 89' lang='lat' dir='ltr'><strong>Beati</strong></span> <span class='ocrx_word' id='word_1_65' title='bbox 835 1933 1009 2001; x_wconf 82' lang='lat' dir='ltr'><strong>Michaelis</strong></span> <span class='ocrx_word' id='word_1_66' title='bbox 1031 1935 1232 2022; x_wconf 80' lang='lat' dir='ltr'><strong>Archangeli</strong></span> 
     </span>
     <span class='ocr_line' id='line_1_11' title="bbox 179 2037 1231 2123; baseline 0.001 -21"><span class='ocrx_word' id='word_1_67' title='bbox 179 2039 271 2105; x_wconf 88' lang='lat' dir='ltr'><strong>dicta</strong></span> <span class='ocrx_word' id='word_1_68' title='bbox 293 2040 454 2106; x_wconf 85' lang='lat' dir='ltr'><strong>medietas</strong></span> <span class='ocrx_word' id='word_1_69' title='bbox 476 2039 622 2119; x_wconf 75' lang='lat' dir='ltr'><strong>decima,</strong></span> <span class='ocrx_word' id='word_1_70' title='bbox 637 2062 658 2106; x_wconf 92' lang='lat' dir='ltr'><strong>a</strong></span> <span class='ocrx_word' id='word_1_71' title='bbox 672 2040 768 2105; x_wconf 83' lang='lat' dir='ltr'><strong>vobis</strong></span> <span class='ocrx_word' id='word_1_72' title='bbox 791 2044 825 2104; x_wconf 90' lang='lat' dir='ltr'><strong>et</strong></span> <span class='ocrx_word' id='word_1_73' title='bbox 847 2038 945 2104; x_wconf 89' lang='lat' dir='ltr'><strong>dictis</strong></span> <span class='ocrx_word' id='word_1_74' title='bbox 968 2038 1116 2123; x_wconf 86' lang='lat' dir='ltr'><strong>personis</strong></span> <span class='ocrx_word' id='word_1_75' title='bbox 1131 2037 1231 2103; x_wconf 90' lang='lat' dir='ltr'><strong>eccle·</strong></span> 
     </span>
     <span class='ocr_line' id='line_1_12' title="bbox 180 2141 1231 2230; baseline 0.001 -24"><span class='ocrx_word' id='word_1_76' title='bbox 180 2141 331 2221; x_wconf 85' lang='lat' dir='ltr'><strong>siasticis,</strong></span> <span class='ocrx_word' id='word_1_77' title='bbox 375 2145 438 2210; x_wconf 91' lang='lat' dir='ltr'><strong>sub</strong></span> <span class='ocrx_word' id='word_1_78' title='bbox 471 2144 594 2230; x_wconf 88' lang='lat' dir='ltr'><strong>poenis,</strong></span> <span class='ocrx_word' id='word_1_79' title='bbox 638 2143 752 2222; x_wconf 89' lang='lat' dir='ltr'><strong>modis,</strong></span> <span class='ocrx_word' id='word_1_80' title='bbox 784 2142 1039 2217; x_wconf 87' lang='lat' dir='ltr'><strong>conditionibus,</strong></span> <span class='ocrx_word' id='word_1_81' title='bbox 1080 2146 1114 2206; x_wconf 88' lang='lat' dir='ltr'><strong>et</strong></span> <span class='ocrx_word' id='word_1_82' title='bbox 1156 2163 1231 2207; x_wconf 88' lang='lat' dir='ltr'><strong>cen-</strong></span> 
     </span>
     <span class='ocr_line' id='line_1_13' title="bbox 179 2242 1231 2333; baseline 0 -25"><span class='ocrx_word' id='word_1_83' title='bbox 179 2245 265 2309; x_wconf 87' lang='lat' dir='ltr'><strong>suris</strong></span> <span class='ocrx_word' id='word_1_84' title='bbox 304 2244 341 2309; x_wconf 91' lang='lat' dir='ltr'><strong>in</strong></span> <span class='ocrx_word' id='word_1_85' title='bbox 379 2245 476 2312; x_wconf 89' lang='lat' dir='ltr'><strong>dictis</strong></span> <span class='ocrx_word' id='word_1_86' title='bbox 516 2246 706 2333; x_wconf 84' lang='lat' dir='ltr'><strong>apostolicis</strong></span> <span class='ocrx_word' id='word_1_87' title='bbox 736 2246 857 2310; x_wconf 88' lang='lat' dir='ltr'><strong>litteris</strong></span> <span class='ocrx_word' id='word_1_88' title='bbox 889 2242 1139 2329; x_wconf 84' lang='lat' dir='ltr'><strong>comprehensis,</strong></span> <span class='ocrx_word' id='word_1_89' title='bbox 1169 2244 1231 2308; x_wconf 89' lang='lat' dir='ltr'><strong>sub</strong></span> 
     </span>
     <span class='ocr_line' id='line_1_14' title="bbox 180 2343 1235 2432; baseline -0.003 -22"><span class='ocrx_word' id='word_1_90' title='bbox 180 2346 301 2431; x_wconf 88' lang='lat' dir='ltr'><strong>quibus</strong></span> <span class='ocrx_word' id='word_1_91' title='bbox 324 2346 360 2412; x_wconf 91' lang='lat' dir='ltr'><strong>in</strong></span> <span class='ocrx_word' id='word_1_92' title='bbox 382 2349 524 2414; x_wconf 88' lang='lat' dir='ltr'><strong>termino</strong></span> <span class='ocrx_word' id='word_1_93' title='bbox 541 2348 623 2413; x_wconf 79' lang='lat' dir='ltr'><strong>festi</strong></span> <span class='ocrx_word' id='word_1_94' title='bbox 642 2347 738 2414; x_wconf 88' lang='lat' dir='ltr'><strong>Beati</strong></span> <span class='ocrx_word' id='word_1_95' title='bbox 761 2347 784 2412; x_wconf 87' lang='lat' dir='ltr'><strong>J</strong></span> <span class='ocrx_word' id='word_1_96' title='bbox 785 2347 925 2412; x_wconf 91' lang='lat' dir='ltr'><strong>ohannis</strong></span> <span class='ocrx_word' id='word_1_97' title='bbox 940 2343 1103 2430; x_wconf 87' lang='lat' dir='ltr'><strong>Baptistae</strong></span> <span class='ocrx_word' id='word_1_98' title='bbox 1118 2366 1235 2432; x_wconf 77' lang='lat' dir='ltr'><strong>supra.</strong></span> 
     </span>
     <span class='ocr_line' id='line_1_15' title="bbox 181 2447 1231 2537; baseline 0.002 -25"><span class='ocrx_word' id='word_1_99' title='bbox 181 2447 270 2514; x_wconf 90' lang='lat' dir='ltr'><strong>dicto</strong></span> <span class='ocrx_word' id='word_1_100' title='bbox 292 2448 474 2516; x_wconf 87' lang='lat' dir='ltr'><strong>debebatur</strong></span> <span class='ocrx_word' id='word_1_101' title='bbox 496 2449 651 2537; x_wconf 83' lang='lat' dir='ltr'><strong>persolvi,</strong></span> <span class='ocrx_word' id='word_1_102' title='bbox 674 2449 882 2536; x_wconf 77' lang='lat' dir='ltr'><strong>integraliter</strong></span> <span class='ocrx_word' id='word_1_103' title='bbox 904 2447 1134 2535; x_wconf 83' lang='lat' dir='ltr'><strong>persolvatur3</strong></span> <span class='ocrx_word' id='word_1_104' title='bbox 1157 2468 1231 2533; x_wconf 92' lang='lat' dir='ltr'><strong>pro·</strong></span> 
     </span>
     <span class='ocr_line' id='line_1_16' title="bbox 180 2549 1229 2638; baseline 0.003 -24"><span class='ocrx_word' id='word_1_105' title='bbox 180 2550 385 2636; x_wconf 79' lang='lat' dir='ltr'><strong>rogationem</strong></span> <span class='ocrx_word' id='word_1_106' title='bbox 408 2551 600 2638; x_wconf 88' lang='lat' dir='ltr'><strong>hujusmodi</strong></span> <span class='ocrx_word' id='word_1_107' title='bbox 625 2553 661 2616; x_wconf 91' lang='lat' dir='ltr'><strong>in</strong></span> <span class='ocrx_word' id='word_1_108' title='bbox 684 2553 804 2618; x_wconf 89' lang='lat' dir='ltr'><strong>vestris</strong></span> <span class='ocrx_word' id='word_1_109' title='bbox 827 2549 1023 2616; x_wconf 85' lang='lat' dir='ltr'><strong>civitatibus</strong></span> <span class='ocrx_word' id='word_1_110' title='bbox 1055 2553 1090 2613; x_wconf 90' lang='lat' dir='ltr'><strong>et</strong></span> <span class='ocrx_word' id='word_1_111' title='bbox 1111 2550 1229 2617; x_wconf 83' lang='lat' dir='ltr'><strong>dioece-</strong></span> 
     </span>
     <span class='ocr_line' id='line_1_17' title="bbox 182 2650 1230 2740; baseline 0.003 -24"><span class='ocrx_word' id='word_1_112' title='bbox 182 2653 281 2732; x_wconf 88' lang='lat' dir='ltr'><strong>sibus,</strong></span> <span class='ocrx_word' id='word_1_113' title='bbox 304 2654 457 2720; x_wconf 90' lang='lat' dir='ltr'><strong>omnibus</strong></span> <span class='ocrx_word' id='word_1_114' title='bbox 490 2675 634 2740; x_wconf 89' lang='lat' dir='ltr'><strong>quorum</strong></span> <span class='ocrx_word' id='word_1_115' title='bbox 657 2654 795 2720; x_wconf 87' lang='lat' dir='ltr'><strong>interest</strong></span> <span class='ocrx_word' id='word_1_116' title='bbox 817 2653 871 2718; x_wconf 85' lang='lat' dir='ltr'><strong>vel</strong></span> <span class='ocrx_word' id='word_1_117' title='bbox 893 2650 1053 2728; x_wconf 88' lang='lat' dir='ltr'><strong>intererit,</strong></span> <span class='ocrx_word' id='word_1_118' title='bbox 1080 2672 1138 2736; x_wconf 91' lang='lat' dir='ltr'><strong>per</strong></span> <span class='ocrx_word' id='word_1_119' title='bbox 1171 2674 1230 2719; x_wconf 87' lang='lat' dir='ltr'><strong>vos</strong></span> 
     </span>
     <span class='ocr_line' id='line_1_18' title="bbox 181 2754 1231 2844; baseline 0.002 -26"><span class='ocrx_word' id='word_1_120' title='bbox 181 2755 236 2820; x_wconf 89' lang='lat' dir='ltr'><strong>vel</strong></span> <span class='ocrx_word' id='word_1_121' title='bbox 258 2757 361 2822; x_wconf 85' lang='lat' dir='ltr'><strong>alium</strong></span> <span class='ocrx_word' id='word_1_122' title='bbox 384 2779 442 2824; x_wconf 87' lang='lat' dir='ltr'><strong>scu</strong></span> <span class='ocrx_word' id='word_1_123' title='bbox 464 2758 556 2837; x_wconf 88' lang='lat' dir='ltr'><strong>alios,</strong></span> <span class='ocrx_word' id='word_1_124' title='bbox 579 2757 746 2844; x_wconf 89' lang='lat' dir='ltr'><strong>quamcito</strong></span> <span class='ocrx_word' id='word_1_125' title='bbox 769 2756 903 2823; x_wconf 88' lang='lat' dir='ltr'><strong>comode</strong></span> <span class='ocrx_word' id='word_1_126' title='bbox 925 2754 1101 2841; x_wconf 85' lang='lat' dir='ltr'><strong>potueritis</strong></span> <span class='ocrx_word' id='word_1_127' title='bbox 1122 2755 1231 2839; x_wconf 87' lang='lat' dir='ltr'><strong>publi-</strong></span> 
     </span>
     <span class='ocr_line' id='line_1_19' title="bbox 182 2856 1231 2947; baseline 0 -24"><span class='ocrx_word' id='word_1_128' title='bbox 182 2863 301 2926; x_wconf 83' lang='lat' dir='ltr'><strong>cantes.</strong></span> <span class='ocrx_word' id='word_1_129' title='bbox 347 2860 389 2925; x_wconf 91' lang='lat' dir='ltr'><strong>In</strong></span> <span class='ocrx_word' id='word_1_130' title='bbox 412 2861 506 2947; x_wconf 84' lang='lat' dir='ltr'><strong>cujus</strong></span> <span class='ocrx_word' id='word_1_131' title='bbox 529 2861 586 2938; x_wconf 89' lang='lat' dir='ltr'><strong>rai,</strong></span> <span class='ocrx_word' id='word_1_132' title='bbox 614 2866 673 2926; x_wconf 77' lang='lat' dir='ltr'><strong>eta</strong></span> <span class='ocrx_word' id='word_1_133' title='bbox 720 2859 810 2927; x_wconf 85' lang='lat' dir='ltr'><strong>Data</strong></span> <span class='ocrx_word' id='word_1_134' title='bbox 843 2856 1023 2923; x_wconf 85' lang='lat' dir='ltr'><strong>Londoniis</strong></span> <span class='ocrx_word' id='word_1_135' title='bbox 1055 2856 1108 2920; x_wconf 86' lang='lat' dir='ltr'><strong>die</strong></span> <span class='ocrx_word' id='word_1_136' title='bbox 1145 2858 1231 2925; x_wconf 89' lang='lat' dir='ltr'><strong>deei-</strong></span> 
     </span>
     <span class='ocr_line' id='line_1_20' title="bbox 182 2961 1231 3041; baseline 0.002 -16"><span class='ocrx_word' id='word_1_137' title='bbox 182 2981 324 3028; x_wconf 86' lang='lat' dir='ltr'><strong>manona</strong></span> <span class='ocrx_word' id='word_1_138' title='bbox 360 2961 453 3041; x_wconf 87' lang='lat' dir='ltr'><strong>Julii,</strong></span> <span class='ocrx_word' id='word_1_139' title='bbox 490 2983 579 3029; x_wconf 88' lang='lat' dir='ltr'><strong>anno</strong></span> <span class='ocrx_word' id='word_1_140' title='bbox 618 2963 753 3028; x_wconf 88' lang='lat' dir='ltr'><strong>Domini</strong></span> <span class='ocrx_word' id='word_1_141' title='bbox 788 2961 965 3026; x_wconf 76' lang='lat' dir='ltr'><strong>Millaaimo</strong></span> <span class='ocrx_word' id='word_1_142' title='bbox 1002 2961 1231 3027; x_wconf 83' lang='lat' dir='ltr'><strong>trecentesimo</strong></span> 
     </span>
     <span class='ocr_line' id='line_1_21' title="bbox 181 3063 374 3131; baseline 0.012 -2"><span class='ocrx_word' id='word_1_143' title='bbox 181 3063 374 3131; x_wconf 56' lang='lat' dir='ltr'><strong>tricesimo?</strong></span> 
     </span>
    </p>

    <p class='ocr_par' dir='ltr' id='par_1_3' title="bbox 178 3161 1391 4797">
     <span class='ocr_line' id='line_1_22' title="bbox 227 3161 1391 3277; baseline 0.007 -47"><span class='ocrx_word' id='word_1_144' title='bbox 227 3165 384 3234; x_wconf 88' lang='lat' dir='ltr'><strong>Volentes</strong></span> <span class='ocrx_word' id='word_1_145' title='bbox 422 3169 534 3256; x_wconf 88' lang='lat' dir='ltr'><strong>igitur,</strong></span> <span class='ocrx_word' id='word_1_146' title='bbox 566 3190 610 3234; x_wconf 87' lang='lat' dir='ltr'><strong>ex</strong></span> <span class='ocrx_word' id='word_1_147' title='bbox 648 3167 845 3233; x_wconf 82' lang='lat' dir='ltr'><strong>obedientiae</strong></span> <span class='ocrx_word' id='word_1_148' title='bbox 882 3170 1003 3251; x_wconf 86' lang='lat' dir='ltr'><strong>debito,</strong></span> <span class='ocrx_word' id='word_1_149' title='bbox 1040 3172 1298 3277; x_wconf 59' lang='lat' dir='ltr'><strong>hujusmodibih</strong></span> <span class='ocrx_word' id='word_1_150' title='bbox 1243 3161 1391 3213; x_wconf 55' lang='lat' dir='ltr'><strong>mm·</strong></span> 
     </span>
     <span class='ocr_line' id='line_1_23' title="bbox 183 3228 1353 3357; baseline 0.009 -23"><span class='ocrx_word' id='word_1_151' title='bbox 183 3269 339 3336; x_wconf 86' lang='lat' dir='ltr'><strong>mandata</strong></span> <span class='ocrx_word' id='word_1_152' title='bbox 361 3270 549 3357; x_wconf 83' lang='lat' dir='ltr'><strong>apostolica,</strong></span> <span class='ocrx_word' id='word_1_153' title='bbox 566 3273 730 3356; x_wconf 87' lang='lat' dir='ltr'><strong>quatenus</strong></span> <span class='ocrx_word' id='word_1_154' title='bbox 751 3268 795 3334; x_wconf 89' lang='lat' dir='ltr'><strong>ad</strong></span> <span class='ocrx_word' id='word_1_155' title='bbox 817 3291 877 3335; x_wconf 88' lang='lat' dir='ltr'><strong>nos</strong></span> <span class='ocrx_word' id='word_1_156' title='bbox 895 3273 1027 3353; x_wconf 87' lang='lat' dir='ltr'><strong>attinet,</strong></span> <span class='ocrx_word' id='word_1_157' title='bbox 1043 3274 1267 3344; x_wconf 68' lang='lat' dir='ltr'><strong>executionis</strong></span> <span class='ocrx_word' id='word_1_158' title='bbox 1241 3228 1353 3344; x_wconf 58' lang='lat' dir='ltr'><strong>biltaps</strong></span> 
     </span>
     <span class='ocr_line' id='line_1_24' title="bbox 183 3363 1367 3452; baseline 0.005 -16"><span class='ocrx_word' id='word_1_159' title='bbox 183 3371 303 3438; x_wconf 84' lang='lat' dir='ltr'><strong>debitae</strong></span> <span class='ocrx_word' id='word_1_160' title='bbox 326 3373 547 3452; x_wconf 90' lang='lat' dir='ltr'><strong>demandare;</strong></span> <span class='ocrx_word' id='word_1_161' title='bbox 571 3373 611 3438; x_wconf 93' lang='lat' dir='ltr'><strong>de</strong></span> <span class='ocrx_word' id='word_1_162' title='bbox 635 3395 692 3437; x_wconf 88' lang='lat' dir='ltr'><strong>ves</strong></span> <span class='ocrx_word' id='word_1_163' title='bbox 694 3373 754 3438; x_wconf 87' lang='lat' dir='ltr'><strong>tris</strong></span> <span class='ocrx_word' id='word_1_164' title='bbox 785 3373 886 3438; x_wconf 87' lang='lat' dir='ltr'><strong>etiam</strong></span> <span class='ocrx_word' id='word_1_165' title='bbox 917 3376 1079 3443; x_wconf 87' lang='lat' dir='ltr'><strong>fidelitate</strong></span> <span class='ocrx_word' id='word_1_166' title='bbox 1101 3385 1136 3442; x_wconf 88' lang='lat' dir='ltr'><strong>ct</strong></span> <span class='ocrx_word' id='word_1_167' title='bbox 1168 3379 1230 3443; x_wconf 90' lang='lat' dir='ltr'><strong>cir-</strong></span> <span class='ocrx_word' id='word_1_168' title='bbox 1242 3363 1367 3413; x_wconf 57' lang='lat' dir='ltr'><strong>‘ml</strong></span> 
     </span>
     <span class='ocr_line' id='line_1_25' title="bbox 182 3475 1233 3566; baseline 0.006 -26"><span class='ocrx_word' id='word_1_169' title='bbox 182 3479 348 3562; x_wconf 88' lang='lat' dir='ltr'><strong>cumspect</strong></span> <span class='ocrx_word' id='word_1_170' title='bbox 349 3476 423 3540; x_wconf 89' lang='lat' dir='ltr'><strong>iona</strong></span> <span class='ocrx_word' id='word_1_171' title='bbox 446 3476 585 3562; x_wconf 90' lang='lat' dir='ltr'><strong>probata</strong></span> <span class='ocrx_word' id='word_1_172' title='bbox 606 3480 760 3562; x_wconf 87' lang='lat' dir='ltr'><strong>gerentes</strong></span> <span class='ocrx_word' id='word_1_173' title='bbox 782 3475 937 3542; x_wconf 86' lang='lat' dir='ltr'><strong>fiduciam</strong></span> <span class='ocrx_word' id='word_1_174' title='bbox 968 3481 1161 3566; x_wconf 80' lang='lat' dir='ltr'><strong>specialem3</strong></span> <span class='ocrx_word' id='word_1_175' title='bbox 1189 3479 1233 3546; x_wconf 87' lang='lat' dir='ltr'><strong>ad</strong></span> 
     </span>
     <span class='ocr_line' id='line_1_26' title="bbox 181 3577 1231 3669; baseline 0.004 -27"><span class='ocrx_word' id='word_1_176' title='bbox 181 3577 372 3663; x_wconf 84' lang='lat' dir='ltr'><strong>petendum,</strong></span> <span class='ocrx_word' id='word_1_177' title='bbox 411 3578 621 3664; x_wconf 84' lang='lat' dir='ltr'><strong>exigendum,</strong></span> <span class='ocrx_word' id='word_1_178' title='bbox 660 3577 890 3662; x_wconf 87' lang='lat' dir='ltr'><strong>colligendum,</strong></span> <span class='ocrx_word' id='word_1_179' title='bbox 928 3586 962 3645; x_wconf 89' lang='lat' dir='ltr'><strong>ct</strong></span> <span class='ocrx_word' id='word_1_180' title='bbox 999 3581 1231 3669; x_wconf 90' lang='lat' dir='ltr'><strong>recipiendum,</strong></span> 
     </span>
     <span class='ocr_line' id='line_1_27' title="bbox 178 3679 1233 3771; baseline 0.007 -28"><span class='ocrx_word' id='word_1_181' title='bbox 178 3679 279 3764; x_wconf 88' lang='lat' dir='ltr'><strong>juxta</strong></span> <span class='ocrx_word' id='word_1_182' title='bbox 301 3681 436 3746; x_wconf 91' lang='lat' dir='ltr'><strong>modum</strong></span> <span class='ocrx_word' id='word_1_183' title='bbox 460 3680 596 3746; x_wconf 88' lang='lat' dir='ltr'><strong>solitum</strong></span> <span class='ocrx_word' id='word_1_184' title='bbox 620 3679 656 3744; x_wconf 92' lang='lat' dir='ltr'><strong>in</strong></span> <span class='ocrx_word' id='word_1_185' title='bbox 687 3680 815 3746; x_wconf 88' lang='lat' dir='ltr'><strong>decima</strong></span> <span class='ocrx_word' id='word_1_186' title='bbox 849 3683 1065 3768; x_wconf 71' lang='lat' dir='ltr'><strong>exigendas</strong></span> <span class='ocrx_word' id='word_1_187' title='bbox 1098 3685 1233 3771; x_wconf 90' lang='lat' dir='ltr'><strong>quibus·</strong></span> 
     </span>
     <span class='ocr_line' id='line_1_28' title="bbox 182 3782 1232 3874; baseline 0.005 -25"><span class='ocrx_word' id='word_1_188' title='bbox 182 3803 320 3869; x_wconf 89' lang='lat' dir='ltr'><strong>cumque</strong></span> <span class='ocrx_word' id='word_1_189' title='bbox 344 3782 422 3850; x_wconf 92' lang='lat' dir='ltr'><strong>locis</strong></span> <span class='ocrx_word' id='word_1_190' title='bbox 445 3789 480 3849; x_wconf 91' lang='lat' dir='ltr'><strong>et</strong></span> <span class='ocrx_word' id='word_1_191' title='bbox 501 3784 650 3870; x_wconf 88' lang='lat' dir='ltr'><strong>personis</strong></span> <span class='ocrx_word' id='word_1_192' title='bbox 673 3783 910 3862; x_wconf 69' lang='lat' dir='ltr'><strong>ecclesiasticis</strong></span> <span class='ocrx_word' id='word_1_193' title='bbox 926 3788 1090 3874; x_wconf 82' lang='lat' dir='ltr'><strong>exemptis</strong></span> <span class='ocrx_word' id='word_1_194' title='bbox 1108 3794 1143 3853; x_wconf 87' lang='lat' dir='ltr'><strong>at</strong></span> <span class='ocrx_word' id='word_1_195' title='bbox 1164 3810 1232 3854; x_wconf 91' lang='lat' dir='ltr'><strong>non</strong></span> 
     </span>
     <span class='ocr_line' id='line_1_29' title="bbox 181 3885 1232 3977; baseline 0.006 -26"><span class='ocrx_word' id='word_1_196' title='bbox 181 3887 351 3973; x_wconf 83' lang='lat' dir='ltr'><strong>exemptis,</strong></span> <span class='ocrx_word' id='word_1_197' title='bbox 373 3891 560 3953; x_wconf 86' lang='lat' dir='ltr'><strong>nostrarum</strong></span> <span class='ocrx_word' id='word_1_198' title='bbox 594 3885 742 3952; x_wconf 88' lang='lat' dir='ltr'><strong>civitatis</strong></span> <span class='ocrx_word' id='word_1_199' title='bbox 765 3891 799 3952; x_wconf 94' lang='lat' dir='ltr'><strong>et</strong></span> <span class='ocrx_word' id='word_1_200' title='bbox 830 3887 988 3966; x_wconf 86' lang='lat' dir='ltr'><strong>dioecesis,</strong></span> <span class='ocrx_word' id='word_1_201' title='bbox 1012 3896 1232 3977; x_wconf 73' lang='lat' dir='ltr'><strong>praeterquam</strong></span> 
     </span>
     <span class='ocr_line' id='line_1_30' title="bbox 180 3989 1233 4077; baseline 0.006 -23"><span class='ocrx_word' id='word_1_202' title='bbox 180 4009 201 4054; x_wconf 89' lang='lat' dir='ltr'><strong>a</strong></span> <span class='ocrx_word' id='word_1_203' title='bbox 223 3989 370 4076; x_wconf 89' lang='lat' dir='ltr'><strong>personis</strong></span> <span class='ocrx_word' id='word_1_204' title='bbox 394 3991 513 4076; x_wconf 92' lang='lat' dir='ltr'><strong>quibus</strong></span> <span class='ocrx_word' id='word_1_205' title='bbox 536 4011 636 4076; x_wconf 89' lang='lat' dir='ltr'><strong>super</strong></span> <span class='ocrx_word' id='word_1_206' title='bbox 650 3989 864 4075; x_wconf 84' lang='lat' dir='ltr'><strong>praestatione</strong></span> <span class='ocrx_word' id='word_1_207' title='bbox 879 3991 1068 4077; x_wconf 87' lang='lat' dir='ltr'><strong>hujusmodi</strong></span> <span class='ocrx_word' id='word_1_208' title='bbox 1084 3994 1119 4058; x_wconf 90' lang='lat' dir='ltr'><strong>in</strong></span> <span class='ocrx_word' id='word_1_209' title='bbox 1135 3995 1233 4060; x_wconf 88' lang='lat' dir='ltr'><strong>dictis</strong></span> 
     </span>
     <span class='ocr_line' id='line_1_31' title="bbox 181 4090 1233 4178; baseline 0.006 -22"><span class='ocrx_word' id='word_1_210' title='bbox 181 4091 301 4158; x_wconf 88' lang='lat' dir='ltr'><strong>litteris</strong></span> <span class='ocrx_word' id='word_1_211' title='bbox 330 4091 519 4178; x_wconf 85' lang='lat' dir='ltr'><strong>apostolicis</strong></span> <span class='ocrx_word' id='word_1_212' title='bbox 553 4090 747 4156; x_wconf 88' lang='lat' dir='ltr'><strong>immunitas</strong></span> <span class='ocrx_word' id='word_1_213' title='bbox 785 4096 837 4156; x_wconf 88' lang='lat' dir='ltr'><strong>est</strong></span> <span class='ocrx_word' id='word_1_214' title='bbox 874 4114 1034 4171; x_wconf 87' lang='lat' dir='ltr'><strong>concessa,</strong></span> <span class='ocrx_word' id='word_1_215' title='bbox 1073 4096 1233 4162; x_wconf 86' lang='lat' dir='ltr'><strong>decimam</strong></span> 
     </span>
     <span class='ocr_line' id='line_1_32' title="bbox 182 4193 1234 4283; baseline 0.004 -24"><span class='ocrx_word' id='word_1_216' title='bbox 182 4193 329 4259; x_wconf 91' lang='lat' dir='ltr'><strong>omnium</strong></span> <span class='ocrx_word' id='word_1_217' title='bbox 344 4193 534 4258; x_wconf 89' lang='lat' dir='ltr'><strong>reddituum</strong></span> <span class='ocrx_word' id='word_1_218' title='bbox 558 4197 592 4258; x_wconf 91' lang='lat' dir='ltr'><strong>et</strong></span> <span class='ocrx_word' id='word_1_219' title='bbox 606 4197 829 4278; x_wconf 87' lang='lat' dir='ltr'><strong>proventuum</strong></span> <span class='ocrx_word' id='word_1_220' title='bbox 846 4195 1136 4260; x_wconf 86' lang='lat' dir='ltr'><strong>ecclesiasticorum</strong></span> <span class='ocrx_word' id='word_1_221' title='bbox 1152 4219 1234 4283; x_wconf 84' lang='lat' dir='ltr'><strong>quos</strong></span> 
     </span>
     <span class='ocr_line' id='line_1_33' title="bbox 183 4295 1233 4386; baseline 0.002 -25"><span class='ocrx_word' id='word_1_222' title='bbox 183 4297 219 4361; x_wconf 90' lang='lat' dir='ltr'><strong>in</strong></span> <span class='ocrx_word' id='word_1_223' title='bbox 246 4295 343 4362; x_wconf 84' lang='lat' dir='ltr'><strong>dictis</strong></span> <span class='ocrx_word' id='word_1_224' title='bbox 366 4296 488 4362; x_wconf 87' lang='lat' dir='ltr'><strong>nostris</strong></span> <span class='ocrx_word' id='word_1_225' title='bbox 510 4295 649 4362; x_wconf 85' lang='lat' dir='ltr'><strong>civitate</strong></span> <span class='ocrx_word' id='word_1_226' title='bbox 674 4300 708 4360; x_wconf 89' lang='lat' dir='ltr'><strong>et</strong></span> <span class='ocrx_word' id='word_1_227' title='bbox 731 4295 865 4361; x_wconf 85' lang='lat' dir='ltr'><strong>dioecesi</strong></span> <span class='ocrx_word' id='word_1_228' title='bbox 881 4298 1072 4385; x_wconf 87' lang='lat' dir='ltr'><strong>[optinent],</strong></span> <span class='ocrx_word' id='word_1_229' title='bbox 1095 4300 1233 4386; x_wconf 83' lang='lat' dir='ltr'><strong>singulis</strong></span> 
     </span>
     <span class='ocr_line' id='line_1_34' title="bbox 182 4397 1233 4488; baseline 0.005 -25"><span class='ocrx_word' id='word_1_230' title='bbox 182 4397 306 4463; x_wconf 83' lang='lat' dir='ltr'><strong>futuris</strong></span> <span class='ocrx_word' id='word_1_231' title='bbox 328 4398 488 4476; x_wconf 83' lang='lat' dir='ltr'><strong>terminis,</strong></span> <span class='ocrx_word' id='word_1_232' title='bbox 511 4402 580 4463; x_wconf 84' lang='lat' dir='ltr'><strong>tam</strong></span> <span class='ocrx_word' id='word_1_233' title='bbox 603 4402 781 4484; x_wconf 84' lang='lat' dir='ltr'><strong>prorogato</strong></span> <span class='ocrx_word' id='word_1_234' title='bbox 805 4420 907 4483; x_wconf 90' lang='lat' dir='ltr'><strong>quam</strong></span> <span class='ocrx_word' id='word_1_235' title='bbox 929 4399 1013 4477; x_wconf 83' lang='lat' dir='ltr'><strong>aliis,</strong></span> <span class='ocrx_word' id='word_1_236' title='bbox 1027 4401 1064 4465; x_wconf 89' lang='lat' dir='ltr'><strong>in</strong></span> <span class='ocrx_word' id='word_1_237' title='bbox 1086 4402 1233 4488; x_wconf 88' lang='lat' dir='ltr'><strong>praefatis</strong></span> 
     </span>
     <span class='ocr_line' id='line_1_35' title="bbox 183 4500 1233 4588; baseline 0.007 -22"><span class='ocrx_word' id='word_1_238' title='bbox 183 4501 303 4567; x_wconf 85' lang='lat' dir='ltr'><strong>litteris</strong></span> <span class='ocrx_word' id='word_1_239' title='bbox 325 4503 368 4567; x_wconf 88' lang='lat' dir='ltr'><strong>ad</strong></span> <span class='ocrx_word' id='word_1_240' title='bbox 390 4501 588 4566; x_wconf 83' lang='lat' dir='ltr'><strong>solutionem</strong></span> <span class='ocrx_word' id='word_1_241' title='bbox 609 4500 710 4588; x_wconf 89' lang='lat' dir='ltr'><strong>hujus</strong></span> <span class='ocrx_word' id='word_1_242' title='bbox 729 4501 865 4567; x_wconf 82' lang='lat' dir='ltr'><strong>decimae</strong></span> <span class='ocrx_word' id='word_1_243' title='bbox 885 4502 1072 4569; x_wconf 85' lang='lat' dir='ltr'><strong>faciendam</strong></span> <span class='ocrx_word' id='word_1_244' title='bbox 1088 4508 1233 4586; x_wconf 87' lang='lat' dir='ltr'><strong>statutis,</strong></span> 
     </span>
     <span class='ocr_line' id='line_1_36' title="bbox 184 4602 1234 4695; baseline 0.006 -25"><span class='ocrx_word' id='word_1_245' title='bbox 184 4624 221 4670; x_wconf 91' lang='lat' dir='ltr'><strong>ac</strong></span> <span class='ocrx_word' id='word_1_246' title='bbox 243 4603 309 4670; x_wconf 87' lang='lat' dir='ltr'><strong>alia</strong></span> <span class='ocrx_word' id='word_1_247' title='bbox 330 4602 482 4682; x_wconf 84' lang='lat' dir='ltr'><strong>faciendi,</strong></span> <span class='ocrx_word' id='word_1_248' title='bbox 505 4603 651 4690; x_wconf 88' lang='lat' dir='ltr'><strong>gerendi,</strong></span> <span class='ocrx_word' id='word_1_249' title='bbox 675 4608 710 4668; x_wconf 91' lang='lat' dir='ltr'><strong>et</strong></span> <span class='ocrx_word' id='word_1_250' title='bbox 732 4605 918 4684; x_wconf 87' lang='lat' dir='ltr'><strong>exercendi,</strong></span> <span class='ocrx_word' id='word_1_251' title='bbox 941 4627 1016 4691; x_wconf 85' lang='lat' dir='ltr'><strong>quaa</strong></span> <span class='ocrx_word' id='word_1_252' title='bbox 1039 4607 1126 4673; x_wconf 91' lang='lat' dir='ltr'><strong>circa</strong></span> <span class='ocrx_word' id='word_1_253' title='bbox 1151 4632 1234 4695; x_wconf 78' lang='lat' dir='ltr'><strong>praa</strong></span> 
     </span>
     <span class='ocr_line' id='line_1_37' title="bbox 183 4706 1234 4797; baseline 0.008 -26"><span class='ocrx_word' id='word_1_254' title='bbox 183 4707 290 4784; x_wconf 88' lang='lat' dir='ltr'><strong>missa,</strong></span> <span class='ocrx_word' id='word_1_255' title='bbox 303 4707 405 4792; x_wconf 87' lang='lat' dir='ltr'><strong>juxta</strong></span> <span class='ocrx_word' id='word_1_256' title='bbox 426 4709 561 4774; x_wconf 89' lang='lat' dir='ltr'><strong>modum</strong></span> <span class='ocrx_word' id='word_1_257' title='bbox 598 4712 632 4773; x_wconf 87' lang='lat' dir='ltr'><strong>et</strong></span> <span class='ocrx_word' id='word_1_258' title='bbox 665 4706 848 4773; x_wconf 90' lang='lat' dir='ltr'><strong>formam</strong></span> <span class='ocrx_word' id='word_1_259' title='bbox 839 4731 875 4772; x_wconf 90' lang='lat'><strong>111</strong></span> <span class='ocrx_word' id='word_1_260' title='bbox 910 4709 1033 4774; x_wconf 84' lang='lat' dir='ltr'><strong>litteris</strong></span> <span class='ocrx_word' id='word_1_261' title='bbox 1068 4712 1234 4797; x_wconf 84' lang='lat' dir='ltr'><strong>praedictis</strong></span> 
     </span>
    </p>
   </div>
   <div class='ocr_carea' id='block_1_3' title="bbox 185 4805 1389 4925">
    <p class='ocr_par' dir='ltr' id='par_1_4' title="bbox 185 4805 1389 4925">
     <span class='ocr_line' id='line_1_38' title="bbox 185 4805 1389 4925; baseline 0.017 -53"><span class='ocrx_word' id='word_1_262' title='bbox 185 4833 363 4901; x_wconf 84' lang='lat' dir='ltr'><strong>expressos,</strong></span> <span class='ocrx_word' id='word_1_263' title='bbox 386 4813 511 4878; x_wconf 84' lang='lat' dir='ltr'><strong>fuerint</strong></span> <span class='ocrx_word' id='word_1_264' title='bbox 533 4817 707 4899; x_wconf 86' lang='lat' dir='ltr'><strong>oportuna,</strong></span> <span class='ocrx_word' id='word_1_265' title='bbox 723 4812 869 4878; x_wconf 87' lang='lat' dir='ltr'><strong>vobis</strong></span> <span class='ocrx_word' id='word_1_266' title='bbox 837 4835 926 4880; x_wconf 87' lang='lat' dir='ltr'><strong>v1ces</strong></span> <span class='ocrx_word' id='word_1_267' title='bbox 940 4820 1069 4880; x_wconf 80' lang='lat' dir='ltr'><strong>nostras</strong></span> <span class='ocrx_word' id='word_1_268' title='bbox 1085 4819 1234 4884; x_wconf 80' lang='lat' dir='ltr'><strong>commit-</strong></span> <span class='ocrx_word' id='word_1_269' title='bbox 1246 4805 1300 4924; x_wconf 54' lang='lat' dir='ltr'><strong>3¹ss</strong></span> <span class='ocrx_word' id='word_1_270' title='bbox 1297 4808 1389 4925; x_wconf 43' lang='lat'><strong>⁸⁸¹2</strong></span> 
     </span>
    </p>
   </div>
   <div class='ocr_carea' id='block_1_4' title="bbox 0 0 1678 5859">
    <p class='ocr_par' dir='ltr' id='par_1_5' title="bbox 0 0 1678 5859">
     <span class='ocr_line' id='line_1_39' title="bbox 0 0 1678 5859; baseline 0 0"><span class='ocrx_word' id='word_1_271' title='bbox 0 0 1678 5859; x_wconf 95' lang='lat' dir='ltr'><strong> </strong></span> 
     </span>
    </p>
   </div>
  </div>
 </body>
</html>
