3309 5859
572 908 859 961 oiurunmnusns.
1207 896 1248 959 13

194 1102 271 1147 mus
294 1087 329 1148 et
359 1085 569 1151 concedimus
600 1108 658 1173 per
681 1093 872 1173 presentes.
918 1085 960 1151 In
991 1085 1086 1171 cujus
1109 1087 1157 1150 rei
1180 1086 1249 1150 evi·

192 1183 343 1252 donciam
376 1194 573 1275 praesentem
596 1190 752 1277 paginam
781 1187 892 1275 sigillo
924 1192 1039 1254 nostro
1071 1188 1249 1267 communi,

193 1284 231 1351 in
267 1286 364 1353 domo
395 1294 509 1354 nostra
532 1289 720 1378 Capitulari
753 1290 995 1368 cantuariensi,
1027 1289 1151 1357 talibus
1184 1288 1248 1367 die,

192 1408 312 1467 meuse,
347 1396 381 1456 et
410 1412 507 1471 anno,
538 1393 579 1458 de
619 1400 731 1459 nostro
766 1414 925 1461 consensu
948 1398 1066 1459 mutuo
1088 1386 1249 1469 unanimi,

194 1490 331 1557 fecimus
355 1495 561 1561 communiri.

456 1750 708 1818 15.-L1rrnna
729 1753 983 1819 Bauvreuaum.
1269 1771 1295 1822 s.
1307 1774 1390 1823 scra.

239 1900 413 1967 Universis
451 1904 582 1970 sanctae
624 1903 742 1969 Matris
776 1904 930 1971 Ecclesioe
969 1904 1046 1968 filiis
1078 1904 1120 1969 ad
1164 1926 1246 1989 quos
1258 1904 1388 1956 Formnla

194 2008 373 2088 Prmsentes
422 2004 554 2070 litterae
592 2006 812 2091 pervenerint,
851 2005 995 2071 Thomas
1032 2005 1246 2093 permissione
1259 1997 1385 2049 mamis-

195 2103 311 2169 divina
349 2104 445 2171 Prior
483 2104 647 2173 Ecclesiae
685 2106 811 2173 Christi
850 2106 1100 2173 centuariensis
1141 2108 1246 2172 totius
1259 2064 1410 2197 322¹,ngss

196 2204 326 2292 Angliae
348 2209 464 2294 primae
498 2210 698 2296 metropolis,
722 2215 757 2274 et
779 2210 927 2295 ejusdem
950 2208 1015 2273 loci
1039 2208 1246 2296 Capitulum,
1259 2200 1308 2249 ¹¹¹⁸·

197 2308 337 2375 salutem
361 2312 397 2376 in
419 2312 469 2378 Eo
491 2313 549 2398 qui
572 2322 623 2379 est
645 2334 724 2379 vera
747 2314 836 2378 salus
866 2313 1057 2379 animarum.
1106 2314 1248 2378 Noverit

196 2412 396 2479 universitas
419 2420 537 2492 vestra,
561 2415 723 2503 quod'per
738 2416 925 2481 orationum
942 2416 1065 2481 devota
1079 2415 1247 2493 libamina,

197 2534 324 2580 necnon
358 2538 417 2603 per
449 2524 558 2584 cetera
581 2518 717 2604 pietatis
740 2538 848 2603 opera,
870 2518 990 2583 animae
1017 2516 1248 2584 defunctorum

197 2614 239 2680 de
261 2618 445 2703 purgatorii
468 2619 635 2706 ergastulo
665 2618 817 2685 celeriter
846 2618 1040 2685 liberantur.
1086 2620 1177 2685 Hinc
1200 2623 1250 2685 est

200 2718 288 2804 quod
321 2726 466 2787 vestram
501 2721 756 2787 universitatem
780 2721 975 2808 suppliciter
1005 2743 1145 2799 oramus,
1172 2744 1254 2808 qua·

196 2821 297 2900 tinus,
321 2822 363 2888 ob
395 2824 614 2889 reverentiam
647 2822 792 2889 Summae
815 2822 1000 2902 Trinitatis,
1030 2847 1090 2911 pro
1124 2826 1249 2891 anime·

199 2924 261 2990 bus
301 2925 445 2992 fratrum
483 2931 517 2993 et
554 2947 703 2993 sororum
748 2927 856 2992 nostri
894 2926 1045 3012 Capituli
1092 2928 1252 3015 dignetur

200 3026 329 3094 hostias
352 3031 539 3095 orationum
563 3030 684 3095 diviuoe
707 3028 825 3095 offerre
848 3029 1043 3096 elementiae.
1103 3031 1148 3096 Et
1173 3033 1253 3117 quia

194 3128 297 3215 justis
320 3132 483 3197 universis
507 3132 726 3219 Omnipotens
760 3132 926 3198 Dominus
958 3133 1096 3219 praemia
1127 3138 1253 3200 aeterna

199 3233 365 3311 retribuit,
388 3236 544 3319 quotiens
568 3236 626 3300 uni
649 3256 691 3299 ex
713 3234 862 3299 minimis
885 3234 954 3299 suis
977 3257 1036 3321 per
1057 3235 1253 3322 temporalia

200 3334 348 3401 subsidia
379 3336 506 3401 viscera
540 3336 762 3412 extenderint,
785 3336 935 3401 caritatis
967 3342 1087 3403 vestrm
1118 3337 1254 3423 pietatis

201 3436 415 3524 deprecamur
447 3437 664 3515 clementiam,
703 3438 862 3525 quatinus
906 3438 1054 3505 Johanni
1099 3438 1254 3505 Fleecher

201 3538 410 3625 brevigerulo
432 3546 554 3619 nostro,
577 3540 676 3606 latori
707 3541 931 3626 praesentium,
964 3542 1099 3607 studeat
1129 3543 1252 3608 viatica

201 3640 364 3727 impertiri
387 3642 514 3721 solatia,
538 3646 577 3707 ut
600 3642 661 3707 Ille
694 3642 854 3709 bonorum
889 3644 1038 3708 omnium
1061 3644 1252 3723 retributor,

200 3764 260 3829 pro
283 3744 520 3831 temporalibus
542 3750 578 3810 et
600 3744 740 3810 terrenis
763 3744 950 3830 spiritualia
972 3750 1007 3810 et
1040 3751 1166 3812 aeterna
1200 3768 1253 3815 re·

203 3847 350 3927 tribuat;
372 3853 407 3913 et
429 3847 470 3912 cd
493 3846 653 3913 beneficia
676 3846 841 3932 reciproca
863 3848 976 3913 sciatis
998 3869 1059 3913 nos
1082 3849 1252 3935 obligatos

202 3946 383 4013 Praesentes
416 3969 494 4013 vero
527 3948 655 4013 litteras
687 3947 813 4013 roboris
835 3948 1029 4015 firmitatem
1061 3970 1121 4037 per
1151 3950 1254 4015 trien·

202 4050 296 4115 nium
319 4050 486 4116 duntaxat
508 4050 662 4116 volumus
685 4050 844 4115 obtinere.
891 4050 981 4115 Data
1004 4051 1196 4117 Cantuariae
1219 4052 1254 4115 in

203 4152 300 4218 domo
322 4157 435 4218 nostra
458 4151 644 4239 Capitulari
667 4150 730 4229 die,
753 4172 875 4228 mense,-
897 4157 932 4217 et
954 4172 1041 4217 anno
1064 4150 1210 4219 talibus.l

239 4374 309 4425 ¹'l'bc
318 4371 503 4439 Brevigernlns,
511 4368 703 4434 Breviger‚Bre·
760 4367 793 4431 by
803 4366 848 4415 the
857 4374 971 4416 contract
979 4366 1110 4417 olomuc!
1115 4369 1217 4431 wciety,
1229 4375 1257 4418 to

203 4454 277 4516 citor,
289 4468 318 4503 cr
330 4451 442 4503 Portitor
464 4450 582 4501 Brevium
589 4464 640 4498 vas
657 4446 706 4497 dia·
757 4445 820 4495 each
840 4444 869 4494 ot
888 4444 971 4495 which
991 4446 1023 4495 he
1045 4450 1195 4497 mounced
1213 4447 1257 4497 the

204 4533 313 4599 patched
330 4546 363 4581 cu
376 4530 420 4581 the
431 4529 508 4581 death
521 4528 548 4579 oi
568 4545 584 4578 a
601 4528 707 4593 pretate,
757 4538 846 4575 names
870 4525 900 4577 of
920 4526 965 4577 the
981 4526 1104 4576 hrethren
1123 4527 1183 4577 rrho
1205 4528 1258 4579 had

206 4627 235 4661 or
252 4611 326 4661 when
344 4608 416 4659 there
428 4623 480 4657 vas
492 4622 525 4657 no
537 4607 601 4657 such
613 4602 708 4669 special
758 4604 819 4654 died
840 4604 910 4654 since
929 4604 969 4654 his
989 4606 1039 4654 last
1051 4603 1117 4667 risit,
1138 4605 1165 4655 in
1184 4610 1260 4658 order

204 4689 322 4741 occasion
340 4702 404 4739 once
425 4702 454 4737 or
476 4686 548 4737 twice
566 4702 582 4735 a
593 4700 662 4750 year,
683 4690 709 4733 to
758 4685 813 4733 that
825 4684 869 4733 the
881 4685 953 4733 usual
965 4684 1050 4735 officea
1062 4684 1143 4751 might
1153 4688 1186 4736 be
1204 4703 1259 4753 per-

204 4768 400 4820 makeacircuit
411 4766 443 4818 oi
449 4766 485 4817 all
497 4764 711 4817 themoaaatcriee
758 4763 856 4813 formed
867 4762 908 4812 lor
917 4763 985 4812 their
995 4765 1071 4814 ecula.
1114 4764 1170 4815 The
1190 4781 1261 4816 news

203 4848 284 4901 which
297 4862 363 4899 vere
383 4843 712 4911 joinedtoOhristChurch
760 4843 885 4903 received,
913 4840 957 4893 thc'
996 4851 1143 4909 monastery
1169 4844 1261 4898 visited
